3259 5317
926 418 970 490 ,2

395 631 512 715 'pretis
533 631 663 722 ingenio
685 628 839 695 iudicium
868 631 954 695 ferri
976 640 1102 714 queat(
1117 630 1202 694 solos
1228 630 1310 708 illos,
1334 651 1419 712 quos
1444 629 1536 703 dixi,

414 744 478 796 tres
499 731 586 795 viros
608 731 723 816 dignos
746 752 816 795 esse
839 746 963 807 censeo,
992 731 1024 794 in
1040 752 1121 814 quos
1147 730 1242 815 paulo
1265 730 1450 793 accuratius
1479 730 1533 791 in-

415 832 593 914 quiratur„
633 858 634 861 ¹

495 930 650 1007 Attamen
670 954 773 1017 pauca
787 932 827 995 de
849 931 906 1008 eis,
923 923 1026 1015 quiin
1041 930 1117 1009 duo,
1140 952 1223 1013 quae
1245 928 1385 1004 distinxi,
1408 938 1531 1012 poste-

413 1030 500 1095 riora
520 1054 639 1116 genera
660 1031 771 1095 referri
792 1043 939 1115 possunt,
952 1033 1155 1118 praemittere
1168 1028 1436 1115 operaepretium
1451 1027 1528 1089 erit.

496 1130 606 1213 Atque
628 1131 751 1216 primus
772 1131 903 1214 quidem
925 1132 1068 1196 omnium
1089 1135 1227 1197 lrtburus
1252 1132 1314 1193 nan
1336 1127 1528 1191 Homerum

414 1230 447 1315 in
474 1228 615 1313 linguam
642 1229 813 1315 Anglieam
840 1232 1011 1295 transferre
1038 1243 1171 1295 conatus
1200 1252 1284 1293 anno
1316 1251 1348 1313 p.
1378 1224 1461 1290 Chr.
1495 1250 1527 1287 n.

413 1328 643 1395 MDLXXXI
664 1330 774 1393 decem
799 1329 923 1414 priores
951 1330 1061 1393 Iliadis
1093 1329 1194 1393 libros
1216 1327 1352 1411 Anglice
1374 1324 1527 1389 redditos

413 1427 522 1491 edidit.
565 1428 618 1491 De
646 1450 710 1511 quo
742 1426 885 1491 Thomas
912 1426 1091 1492 Wartonus
1118 1428 1151 1491 in
1177 1426 1259 1491 libro
1291 1425 1346 1489 illo
1379 1424 1526 1508 optimae

413 1539 519 1605 notae,
530 1550 625 1611 quem
649 1528 688 1591 de
709 1527 844 1591 historia
863 1550 998 1613 poeseos
1012 1527 1169 1613 Anglioae
1191 1526 1329 1611 scripsit,
1350 1526 1413 1588 hoe
1437 1524 1526 1586 iudi-

415 1648 485 1700 cat:
510 1636 609 1699 „This
630 1635 812 1700 translation
834 1636 890 1699 bas
910 1659 950 1699 ao
971 1636 1055 1700 other
1075 1637 1163 1700 aierit
1192 1635 1265 1697 titan
1291 1634 1356 1696 tbat
1376 1633 1414 1719 of
1433 1633 1526 1714 beina

414 1736 461 1799 tlte
479 1736 553 1822 first
575 1757 765 1822 appearance
796 1735 834 1821 of
856 1759 877 1799 a
903 1747 979 1821 part
1006 1736 1043 1819 of
1065 1737 1111 1801 tlte
1136 1736 1224 1798 Iliad
1249 1736 1282 1797 in
1311 1757 1353 1795 aa
1383 1732 1524 1816 Enplisb

418 1837 532 1898 drasar
585 1870 586 1874 =

498 1933 552 1996 De
579 1935 713 1996 llobbesil
744 1942 775 1997 et
804 1937 912 2015 ogtltyt
939 1932 1140 1997 versionibus
1174 1932 1219 1997 sic
1250 1932 1316 1996 fere
1348 1930 1528 2003 iudicatur,

415 2034 501 2119 apud
527 2032 598 2096 illos
630 2032 780 2097 virtutem
812 2035 970 2119 poetieam
998 2056 1131 2124 prorsus
1161 2032 1348 2095 desiderari.
1393 2030 1529 2114 Papius

415 2156 553 2219 quoque,
567 2133 832 2217 quem·subtilem
853 2135 992 2198 iudicem
1012 2136 1072 2199 his
1085 2134 1119 2197 in
1141 2133 1237 2196 rebus
1252 2130 1436 2195 habendum
1454 2151 1527 2191 esse

414 2247 505 2319 puto,
527 2233 627 2297 simile
649 2234 688 2296 de
711 2232 771 2297 illis
793 2234 947 2298 iudicium
968 2235 1046 2297 fert:
1071 2235 1153 2297 „His
1170 2232 1348 2316 (Hobber'e)
1363 2241 1474 2317 poetrp
1491 2255 1527 2291 us

415 2335 484 2399 well
503 2358 538 2397 as
559 2333 702 2419 Opttby's,
725 2336 752 2397 is
772 2346 820 2399 too
841 2358 931 2399 mean
943 2335 1002 2419 sor
1023 2336 1194 2397 eritirisrrr.r
1224 2333 1337 2415 Neque
1351 2331 1525 2393 defuerunt

418 2431 515 2517 etiarn
536 2432 592 2515 qui
614 2432 850 2510 contenderent,
872 2433 905 2495 in
926 2432 1085 2496 Hobbesii
1106 2432 1252 2496 Homero
1275 2432 1357 2494 duos
1379 2440 1523 2492 tantum-

401 2532 514 2595 modo
538 2554 650 2595 versus
671 2530 806 2615 reperiri
826 2531 944 2615 poetici
959 2531 1074 2595 eoloris
1091 2530 1227 2616 speeiem
1242 2552 1320 2615 prae
1336 2551 1369 2592 se
1383 2529 1526 2591 ferentes

419 2654 538 2715 eosque
559 2631 623 2717 legi
643 2630 676 2694 in
698 2630 809 2695 Iliadis
829 2631 912 2696 libro
934 2631 1015 2697 VL:

618 2738 701 2798 „Now
718 2738 812 2787 Hector
829 2748 876 2788 met
892 2740 936 2789 ber
953 2740 1009 2789 wtrt
1026 2739 1070 2789 lter
1087 2739 1148 2789 little
1166 2741 1220 2805 bey,

622 2820 646 2870 T
644 2820 688 2869 bat
706 2820 730 2869 ia
748 2820 786 2870 tlte
803 2822 897 2872 aurse’s
915 2840 981 2872 arras
998 2840 1051 2873 was
1069 2822 1169 2873 carried
1177 2842 1186 2883 ,-

613 2902 685 2954 And
707 2904 769 2954 libe
793 2923 810 2954 a
835 2914 902 2955 star
923 2924 1006 2972 upon
1028 2908 1083 2956 ber
1105 2909 1205 2956 boram
1231 2904 1282 2970 lay

615 2987 676 3037 His
702 2987 858 3051 beautiful
882 2988 943 3036 aad
963 2988 1088 3053 sbininp
1107 2987 1223 3053 poldea
1245 2986 1347 3036 bead.“

415 3078 489 3144 Vna
514 3100 588 3142 eum
613 3076 675 3141 hoe
701 3076 771 3140 loco
798 3077 920 3160 aliquot
945 3099 1057 3141 versus
1082 3099 1121 3139 ex
1148 3076 1251 3161 primo
1269 3075 1351 3140 libro
1371 3078 1524 3166 desump-

414 3191 464 3243 tos
487 3178 599 3241 afferre
626 3175 734 3253 liceat,
764 3177 881 3260 quibus
910 3189 1029 3260 quanta
1056 3177 1107 3240 ille
1135 3178 1231 3241 fuerit
1258 3178 1378 3263 ingenii
1401 3180 1519 3267 inopia

419 3292 513 3363 atque
534 3276 697 3341 ieiunitate
717 3276 831 3341 melius
852 3276 1074 3362 intellegatur:

619 3385 686 3447 „His
703 3388 755 3435 bow
773 3384 825 3434 aad
841 3386 927 3449 quiver
944 3385 998 3435 botlt
1016 3384 1104 3435 beliad
1118 3385 1166 3435 lim
1184 3385 1263 3451 barry,

609 3468 674 3519 ,Tlle
692 3486 787 3518 amores
805 3469 876 3519 ebink
894 3488 924 3519 as
942 3470 1006 3532 ‹fiea
1025 3488 1054 3520 as
1072 3471 1101 3520 le
1110 3474 1178 3537 joas,

618 3552 677 3601 And
694 3570 723 3601 as
740 3552 769 3601 de
787 3552 842 3602 sbot
858 3553 896 3601 tlte
915 3556 967 3603 bow
985 3571 1038 3604 was
1055 3554 1135 3604 beard
1152 3565 1175 3605 to
1187 3565 1276 3622 terena,

618 3635 677 3684 And
685 3637 747 3698 first
763 3636 800 3685 lis
819 3638 983 3700 arrowsflere
1002 3646 1029 3685 at
1045 3637 1119 3687 males
1137 3638 1188 3687 aad
1203 3638 1287 3703 elops.“

419 3724 461 3791 G.
483 3724 525 3790 L.
555 3722 694 3789 Craikus
729 3724 762 3789 in
783 3725 886 3802 libra,
919 3708 969 3789 (fui
1002 3719 1112 3791 tit'ulus
1145 3742 1208 3792 est:
1241 3729 1402 3807 „Sketebes
1423 3729 1458 3813 os
1473 3731 1524 3793 tte

419 3828 548 3911 History
569 3826 605 3910 of
620 3826 794 3890 Literatare
821 3829 885 3889 aad
904 3827 1065 3912 Learninp
1090 3830 1124 3891 in
1151 3828 1317 3913 Errplaadr
1347 3829 1408 3893 hoo
1429 3829 1519 3891 dicit:

418 3928 505 4005 „For
525 3928 572 3990 tta
593 3936 670 3989 most
685 3936 775 4011 part,
798 3928 921 4002 indeed,
943 3926 1092 3991 Hobbes's
1118 3928 1206 3991 Iliad
1231 3930 1295 3992 aad
1322 3928 1447 4013 Odyssey
1466 3954 1520 3992 are

418 4051 458 4091 rto
481 4028 570 4089 better
597 4026 669 4089 tiron
697 4027 849 4089 traoesties
878 4026 915 4110 of
939 4026 1098 4104 Homer’s,
1129 4028 1175 4091 tlte
1201 4051 1284 4092 neore
1313 4027 1462 4090 ludierous
1483 4053 1518 4091 as

420 4128 508 4210 beinp
536 4128 721 4209 andesipaed
741 4128 805 4189 and
824 4128 1030 4190 uaeoaseious.
1075 4127 1177 4191 Nem
1207 4152 1270 4191 was
1300 4129 1381 4192 tbere
1402 4152 1421 4190 a
1440 4152 1520 4193 more

420 4226 524 4310 siprtal
543 4248 667 4310 revenpe
687 4226 760 4289 titan
781 4226 846 4288 tbat
862 4226 958 4289 abieti
973 4226 1096 4291 Hobber
1118 4228 1256 4313 afforded
1277 4239 1305 4291 to
1321 4229 1516 4312 imapination
