3259 5317
675 444 693 504 9

123 643 209 706 sime
233 642 349 707 imitati
370 643 436 707 fere
460 666 553 706 suum
574 642 724 717 fecerant,
748 642 792 705 ita
813 654 850 705 ut
869 641 963 704 huius
977 638 1134 725 poematis
1156 660 1238 700 anno

122 740 371 811 MDCCXXV
395 745 428 808 in
460 744 563 808 lucem
595 743 672 807 editi
710 754 834 805 tantum
860 741 930 807 XII
967 740 1090 825 priores
1117 736 1195 802 libri
1218 760 1237 799 a

122 846 236 929 Papio
260 846 343 930 ipso,
363 846 556 931 posteriores
578 846 618 909 ab
640 847 701 910 illis
715 845 852 922 duobus,
874 846 1019 909 Fcntono
1036 857 1067 905 ct
1082 842 1236 905 Broomio

122 947 156 1007 in
184 946 333 1031 linguam
354 945 525 1031 *anglicam
548 947 691 1009 translati
720 946 792 1010 sint.
836 946 959 1029 Papius
986 966 1076 1008 suam
1100 940 1235 1004 Homeri

123 1046 314 1109 versionem
334 1068 451 1131 magna
473 1047 713 1110 adnotationum
740 1068 837 1129 quam
859 1047 900 1109 ad
921 1044 1086 1109 historiam
1109 1055 1174 1105 tam
1196 1040 1236 1103 ad

127 1146 311 1229 elegantiae
334 1158 433 1209 artem
457 1146 665 1231 spectantium
688 1146 780 1231 copia
794 1146 980 1209 instructam
997 1140 1239 1227 subscriptionis

125 1245 212 1329 lege,
236 1257 273 1308 ut
293 1246 339 1309 ita
360 1245 481 1322 dicam,
504 1246 613 1309 edidit.
648 1243 741 1325 Quae
763 1268 825 1322 res,
849 1268 921 1308 cum
942 1265 1094 1328 magnum
1115 1241 1239 1304 lucrum

128 1345 272 1421 lecisset,
295 1334 475 1411 facultatem
487 1345 514 1408 ei
537 1346 625 1409 dedit
639 1344 745 1408 villam
762 1346 898 1421 emendi,
913 1344 969 1408 ubi
984 1344 1139 1426 reliqua-m
1154 1341 1237 1404 vitae

128 1456 259 1528 partem
280 1445 365 1509 curis
387 1468 520 1509 vacuam
542 1456 573 1507 et
596 1444 732 1509 otiosam
754 1445 851 1529 degit.
891 1444 1043 1508 Attamen
1064 1442 1238 1506 concedere
1313 1506 1320 1512 ,

130 1566 260 1625 nequeo
281 1545 397 1630 Papia,
421 1546 508 1627 quod
531 1544 626 1608 dicit:

336 1662 412 1721 „Aac
429 1662 515 1712 {leals
533 1672 556 1711 to
573 1662 673 1722 Homer,
691 1662 787 1711 aiace]
802 1662 850 1711 liae
868 1660 919 1711 aad
935 1662 1019 1720 tlarire,

337 1744 454 1793 Indedted
470 1754 493 1794 to
510 1763 540 1794 ao
557 1744 645 1810 prinae
663 1764 691 1794 or
705 1763 766 1810 peer
784 1744 874 1795 aliae.“

127 1844 215 1907 Nam
245 1854 395 1927 quaestus
421 1844 472 1908 illc
498 1844 553 1929 qui
578 1868 617 1909 ex
643 1845 728 1909 edito
754 1844 900 1909 Homero
927 1843 1180 1917 redundaverat,
1202 1864 1237 1905 rc

130 1966 211 2007 vera
232 1943 311 2007 nihil
333 1944 418 2007 aliud
440 1956 508 2009 erat
529 1946 589 2009 nisi
616 1943 771 2008 tributum
800 1944 963 2026 quoddam
985 1942 1026 2006 ab
1053 1940 1236 2005 hominibus

130 2042 315 2105 conditione
337 2057 368 2107 et
390 2042 504 2129 opibus
525 2044 711 2109 florentibus
730 2044 846 2129 Popio,
859 2066 931 2106 eum
952 2042 1072 2127 optime
1093 2042 1132 2103 dc
1154 2040 1238 2105 litte-

132 2142 177 2204 ris
198 2142 347 2227 Anglicis
370 2144 552 2221 meruisset,
574 2144 744 2207 redditum.
779 2143 819 2207 ln
841 2143 939 2206 satira
959 2143 1048 2219 „Tire
1068 2141 1237 2204 Duaeiad“

132 2254 245 2305 contra
272 2242 475 2307 adversarios
504 2244 622 2329 scripta
647 2244 781 2306 multum
809 2243 964 2306 acuminis
990 2251 1021 2305 et
1048 2241 1239 2319 inventionis

132 2342 164 2403 in
188 2362 256 2405 rem
276 2342 369 2405 valde
391 2342 555 2427 indignam
581 2342 730 2427 perdidit.
773 2344 923 2426 Denique
944 2364 984 2405 ex
1005 2342 1066 2418 eis,
1096 2362 1177 2423 quae
1204 2342 1237 2404 in

131 2455 295 2530 postrema
317 2441 384 2504 vita
405 2442 540 2525 scripsit,
554 2441 641 2504 haud
662 2443 777 2527 exigua
798 2442 867 2505 laus
890 2441 1059 2505 tribuenda
1085 2456 1133 2504 est
1153 2440 1236 2503 libro

134 2542 258 2625 „Easap
279 2564 318 2605 oa
340 2541 440 2603 Maa“
461 2541 630 2627 inscripta,
659 2542 775 2627 quippe
797 2542 830 2604 in
853 2564 917 2623 quo
940 2563 1006 2603 rem
1034 2540 1237 2625 amplissimis

136 2639 253 2703 tinibus
275 2641 546 2726 circumscriptam
567 2642 741 2727 prudenter
763 2640 1025 2705 coercueritnec
1051 2642 1117 2705 sine
1144 2662 1238 2725 prae-

136 2740 221 2802 clara
242 2739 416 2825 elegantiae
438 2742 579 2825 poeticae
600 2742 703 2805 laude.
746 2741 909 2825 Epistolas
924 2741 1019 2826 Popii
1040 2740 1133 2803 valde
1154 2739 1237 2802 dilu-

137 2839 206 2901 cide
228 2850 259 2902 et
279 2842 444 2903 emendate
465 2840 661 2925 conscriptas
690 2840 773 2903 inter
799 2841 918 2925 optima
940 2840 1035 2904 huius
1056 2840 1182 2924 generis
1204 2840 1236 2902 in

136 2939 248 3002 litteris
269 2940 415 3025 Anglicis
438 2941 582 3025 exempla
604 2941 785 3005 referendas
807 2962 877 3003 esse
898 2962 1022 3003 censeo.
1064 2940 1104 3002 In
1124 2938 1237 3002 litteris

138 3041 178 3102 ad
201 3039 317 3103 amicas
339 3040 487 3105 mulieres
514 3041 640 3125 scriptis
669 3040 826 3125 elegantia
852 3051 883 3102 et
905 3050 1055 3103 venustas
1081 3038 1263 3122 quaedam

138 3140 262 3202 Franco
277 3177 292 3190 ·
308 3137 432 3203 Gallica
453 3140 535 3203 inest
555 3162 658 3221 neque
684 3162 760 3203 vcro
783 3162 909 3224 semper
929 3140 1120 3223 importuna.
1162 3137 1239 3201 Vita

139 3237 271 3301 excessit
298 3260 381 3301 anno
407 3236 659 3303 MDCOXLIV
687 3238 719 3300 in
746 3238 821 3301 villa
848 3260 906 3301 sua
927 3238 959 3300 in
980 3236 1128 3301 litoribus
1151 3238 1238 3300 Tha-

142 3337 224 3399 misii
246 3335 315 3400 sita.
340 3334 484 3421 Corpore
506 3349 574 3401 erat
589 3336 686 3400 debili
708 3349 739 3399 et
760 3337 843 3399 mala
862 3337 1043 3402 valetudine
1065 3360 1159 3421 saepe
1181 3360 1239 3420 op-

141 3460 266 3522 pressus
289 3447 345 3500 est.
387 3437 515 3501 Floruit
540 3437 663 3522 Papius
694 3438 824 3521 reginae
855 3436 971 3501 Annae
1003 3449 1118 3512 aetate,
1142 3460 1238 3519 quam

141 3537 347 3621 perlongum
368 3549 493 3623 tempus
524 3537 585 3601 viri
612 3537 696 3601 docti
725 3538 791 3600 sine
817 3537 887 3601 iure
914 3560 1043 3601 auream
1062 3538 1239 3600 litterarum

143 3637 348 3721 Anglicarum
371 3636 538 3701 vocabant.
583 3634 681 3717 Quod
706 3638 780 3701 huic
808 3638 902 3701 aetati
930 3638 1089 3722 singulare
1111 3660 1148 3700 ae
1163 3660 1240 3721 pro·

144 3738 247 3821 prium
269 3737 309 3799 sit
331 3736 448 3821 optime
470 3738 611 3801 cernitur
631 3738 663 3799 in
679 3737 782 3822 Papio
805 3747 901 3821 poeta
921 3749 953 3800 et
974 3736 1141 3799 Addisone
1162 3759 1238 3820 pro·
1276 3780 1279 3787 ·

145 3859 195 3900 sac
216 3836 367 3900 orationis
390 3836 559 3921 scriptore,
587 3848 721 3919 uterque
750 3837 835 3899 enim
862 3838 997 3899 formam
1019 3835 1122 3920 magis
1142 3857 1239 3918 quam

144 3958 209 3999 rem
230 3946 360 4020 spectat,
383 3936 468 4021 apud
487 3946 657 4017 utrumque
671 3934 781 4019 politio
802 3936 959 4017 quaedam
974 3947 1103 3998 externa
1124 3946 1156 3997 et
1177 3936 1240 3997 ele-

146 4034 249 4121 gantia
268 4032 559 4111 Franco-Gallica,
582 4055 662 4117 quae
686 4034 726 4096 ad
748 4033 906 4097 Boileauii
924 4033 1127 4118 potissimum
1147 4056 1240 4119 prae-

147 4145 233 4219 cepta
254 4133 450 4197 conformata
471 4145 530 4211 est,
552 4132 718 4217 reperitur.
762 4132 957 4218 Spaldingus
984 4134 1045 4196 hac
1072 4134 1112 4195 de
1137 4145 1239 4197 aetate

147 4234 299 4297 disserens
328 4232 373 4298 sic
398 4232 534 4299 iudicat:
560 4232 757 4319 „Srtdjeetinp
780 4232 950 4297 themselves
976 4232 1123 4318 cordially
1144 4245 1171 4297 to
1193 4234 1240 4297 tlte
