3259 5317
938 434 982 495 ‘32

404 631 467 693 into
488 629 586 694 atrioli
606 633 629 694 a
651 633 678 695 ia
697 632 866 697 translated
885 635 913 696 is
934 657 955 697 a
976 645 1041 699 true
1061 634 1198 719 Eapliala
1218 636 1300 720 style,
1324 637 1448 722 thonpl
1465 659 1496 700 n·

398 732 536 819 perhaps
557 755 577 796 a
598 754 666 817 very
687 732 802 817 clepaat
824 757 860 797 or
875 734 1009 820 poetica!
1025 757 1092 810 oac,
1111 758 1184 819 may
1207 736 1274 799 also
1296 738 1334 801 be
1358 740 1496 801 assumat:

403 832 454 895 but
475 853 518 895 wc
538 854 591 894 arc
614 842 664 895 aot
684 855 752 895 aare
773 832 838 895 that
858 857 878 895 a
898 834 983 917 aa'pid
1002 834 1066 896 aad
1086 834 1203 898 candid
1217 836 1372 899 vatnam
1394 836 1458 899 will
1472 862 1491 918 p

393 930 519 1015 sartler
539 931 573 996 ia
601 932 639 995 ia
666 933 937 997 conamaadattoa.“

855 1122 1054 1129 —..-....--.-....-

485 1230 705 1298 Cervantes
719 1234 806 1299 haud
828 1232 933 1321 inepte
954 1234 1118 1300 versiones
1138 1247 1305 1321 comparat
1325 1260 1410 1302 cum
1426 1247 1497 1320 tergo

405 1342 563 1397 textor-nm
585 1344 772 1419 tapetarum.
815 1332 868 1399 Ac
887 1336 1030 1420 profecto
1052 1335 1175 1400 alienus
1188 1336 1328 1421 scriptor
1348 1336 1397 1401 ab
1420 1338 1499 1399 inter·

400 1443 489 1517 prete
510 1456 574 1497 non
595 1433 766 1518 perfectius
798 1434 891 1497 reddi
922 1444 1045 1519 potest,
1079 1456 1175 1518 quam
1208 1436 1343 1521 pictoris
1371 1436 1498 1521 imagin·

400 1544 516 1597 natura
535 1532 614 1618 ipsa.
659 1530 757 1613 Quod
777 1554 861 1598 ,cum
896 1532 1025 1596 omnino
1056 1555 1170 1597 verum
1201 1534 1243 1597 sit
1271 1546 1340 1599 tum
1369 1536 1496 1600 caditir¹

400 1630 590 1708 Homerum,
613 1654 709 1715 quem
724 1631 874 1697 omnibus
886 1632 1029 1696 numeris
1044 1631 1189 1698 absolute
1201 1633 1236 1697 in
1251 1634 1349 1699 aliam
1363 1636 1496 1721 linguam

401 1731 565 1797 transferri
585 1754 692 1817 posse,
714 1754 849 1817 prorsus
868 1753 962 1816 nego.
1005 1732 1039 1796 A
1072 1732 1168 1797 rebus
1199 1746 1231 1799 et
1264 1736 1496 1801 conditionibus

401 1833 596 1897 Homericae
619 1814 731 1896 aetatis
753 1845 783 1897 et
807 1834 960 1917 temporis
983 1834 1154 1920 etlinguae
1168 1835 1337 1901 intervallo
1353 1838 1494 1901 disiuncti

400 1918 510 2000 sumus
546 1932 763 2019 insuperabili.
815 1932 959 1997 Litterae
991 1934 1148 2020 Anglicae
1179 1936 1336 2021 optimam
1368 1936 1495 2002 Homeri

398 2034 577 2098 versionem
601 2030 826 2117 Chapmano
851 2032 978 2110 debent,
1004 2034 1060 2097 sed
1082 2034 1193 2119 negari
1200 2057 1281 2122 ,uon
1302 2047 1416 2121 potest
1436 2035 1495 2100 hut·

398 2156 526 2217 quoque
547 2156 612 2197 non
634 2132 805 2216 contigisse
827 2143 864 2195 nt
887 2132 956 2195 illas
982 2132 1182 2197 difficultates
1209 2148 1389 2220 superaret.
1433 2136 1493 2200 Non

398 2235 538 2300 cernitur
558 2234 673 2299 ineius
689 2231 838 2299 versione
852 2244 947 2317 poeta
968 2233 1176 2316 antiquitatis,
1189 2233 1245 2298 sed
1259 2235 1370 2319 potius
1393 2260 1435 2300 ex
1455 2259 1494 2299 ae-

397 2347 461 2400 tate
482 2336 682 2412 Romantica,
706 2334 798 2397 siita
820 2333 924 2397 dicere
944 2333 1136 2419 permissum
1157 2345 1216 2411 est,
1237 2336 1416 2419 profectus.
1443 2335 1493 2400 At-

397 2449 502 2501 tamen
523 2435 585 2499 hoc
605 2458 670 2498 non
691 2434 736 2498 ita
757 2433 976 2519 accipiendum
994 2444 1053 2510 est,
1077 2431 1347 2519 utChapmanum
1370 2436 1408 2499 in
1431 2459 1493 2499 oon·

395 2543 531 2609 ficiendo
566 2564 661 2628 opere
694 2564 751 2606 suo
783 2541 915 2627 propria
945 2541 1048 2626 ipsius
1080 2551 1196 2605 natura
1219 2553 1252 2605 et
1271 2542 1385 2607 indole
1412 2544 1492 2608 nimis

396 2646 527 2709 ductum
548 2643 646 2708 fuisse
667 2642 846 2717 credamus,
874 2640 1014 2717 minime,
1042 2638 1198 2705 rationem
1218 2662 1314 2705 verae
1338 2644 1405 2708 arti
1428 2667 1492 2708 con-

395 2746 574 2811 venientem
600 2753 737 2808 sectatus
760 2752 819 2819 est,
846 2763 912 2804 non
937 2742 1027 2805 suani
1050 2742 1237 2805 sententiam
1265 2742 1425 2821 declarat,
1448 2744 1491 2807 sed

395 2868 463 2910 rem
483 2843 585 2931 ipsam
605 2854 725 2919 narrat,
746 2864 844 2925 quarn
864 2840 907 2905 ob
928 2864 997 2905 rem
1006 2837 1134 2926 praeter
1148 2855 1270 2908 ceteros
1291 2841 1424 2926 landari
1445 2845 1493 2908 de-

396 2945 460 3022 bet,
481 2966 556 3008 nam
576 2942 629 3007 alii
653 2954 766 3029 poetae
788 2938 931 3027 Anglicn
959 2940 1015 3024 qui
1038 2951 1163 3005 tantum
1189 2940 1326 3005 Homeri
1354 2944 1492 3008 vertendi

395 3068 476 3110 onus
509 3044 569 3108 sibi
597 3044 761 3130 imponere
783 3043 852 3107 ausi
879 3054 964 3119 sunt,
991 3042 1095 3107 facere
1126 3064 1192 3108 non
1211 3055 1399 3127 potuerunt,
1425 3046 1492 3129 qnia

396 3169 487 3211 suam
508 3158 655 3209 naturam
686 3154 717 3209 et
749 3143 913 3230 ingenium
943 3141 1039 3206 nimis
1061 3143 1243 3227 proderent
1285 3143 1489 3210 Praeclarum

344 3324 347 3335 ι
396 3245 575 3331 Chapmani
595 3266 710 3331 poema
731 3244 771 3308 ab
792 3244 888 3308 huius
910 3241 1061 3327 temporis
1082 3239 1295 3327 Angh'corum
1309 3242 1491 3310 criticorum

392 3344 589 3434 principibus
604 3368 667 3411 uno
683 3366 738 3423 arc
753 3340 996 3429 comprobatum
1011 3351 1067 3405 est.
1090 3338 1145 3406 Sic
1161 3340 1341 3407 Godwinu's
1363 3345 1387 3427 ¹)
1413 3346 1491 3409 dicit:

394 3448 468 3525 „Aa
490 3446 614 3513 obsoleta
636 3445 816 3510 translation
844 3446 872 3508 ia
899 3468 942 3507 aa
962 3444 1055 3529 object
1082 3445 1212 3509 avoided
1231 3444 1268 3528 ty
1290 3445 1337 3509 ate
1348 3446 1416 3531 sap
1439 3448 1493 3510 aad

394 3547 440 3613 aa
452 3548 519 3639 stac
542 3546 628 3634 lady3
660 3546 711 3611 but
732 3548 755 3611 a
775 3547 803 3610 a's
819 3546 963 3633 precisas
983 3556 1012 3609 to
1034 3546 1081 3609 tlte
1104 3570 1179 3611 maa
1198 3546 1236 3632 of
1245 3534 1332 3623 ¹toste,
1354 3548 1404 3611 tle
1426 3574 1490 3611 aare

393 3646 563 3737 osfcaliap,
585 3646 650 3711 aad
669 3644 716 3710 tlte
735 3645 945 3733 philosopher.
987 3642 1029 3708 Ia
1054 3645 1103 3709 tlt-e
1131 3645 1184 3708 old
1205 3644 1341 3729 Enptat
1363 3646 1490 3712 Homer.

383 3746 441 3835 sor
461 3744 607 3833 coempta,
629 3746 654 3809 Ι
671 3744 745 3809 lace
765 3766 846 3809 same
860 3744 1005 3831 pleasare
1019 3745 1178 3808 iaaamaalt
1191 3767 1227 3807 aa
1247 3746 1353 3831 Iflad
1373 3746 1490 3810 Homer

392 3846 515 3931 latmrsals
533 3845 627 3921 ttrerer
649 3844 701 3909 bat
725 3846 749 3909 Ι
771 3844 845 3909 trava
867 3844 932 3908 alac
954 3867 996 3907 aa
1023 3843 1210 3909 inestimabla
1225 3843 1373 3931 placatae
1392 3849 1489 3911 added

392 3956 419 4011 to
451 3944 530 4021 aaa,
563 3943 651 4009 altile
675 3944 846 4020 Iremarla
879 3944 944 4007 aad
953 3943 1019 4028 feel
1040 3944 1074 4006 ia
1099 3966 1149 4027 my
1174 3945 1286 4008 iamoat
1312 3944 1412 4022 laert,
1449 3948 1489 4009 ttu

390 4042 545 4110 saturnale
566 4045 629 4109 aad
659 4042 830 4109 illustriora
859 4044 938 4127 paro
970 4046 1004 4108 a'a
1035 4043 1134 4108 totas
1159 4043 1196 4108 la
1226 4044 1345 4108 istllaa
1365 4046 1491 4134 broaptt

460 4266 485 4333 t>
505 4262 579 4317 tana
598 4262 627 4329 pf
640 4262 753 4315 dalenard
770 4261 821 4313 trud
836 4260 901 4313 dala
919 4260 1023 4329 Pltttpe.
