3259 5317
313 1237 407 1297 „Moclr
424 1238 487 1289 tave
503 1238 523 1289 Ι
536 1238 657 1289 travelled
673 1238 697 1289 ln
715 1238 752 1287 tlte
769 1237 860 1288 reolme
878 1239 908 1302 of
918 1238 984 1305 pald,

311 1321 370 1370 And
386 1340 458 1389 neerny
474 1321 564 1387 poodly
580 1320 657 1371 states
670 1320 721 1371 ond
737 1320 862 1386 lcinpdome
879 1340 950 1380 seen,·

311 1404 403 1453 Ilound
418 1422 491 1469 many
509 1415 611 1455 western
628 1404 723 1454 islanda
740 1404 804 1453 tave
821 1404 839 1453 1
855 1405 926 1462 been,

267 1486 351 1537 Wln'elt
369 1486 444 1537 bardo
462 1487 486 1537 in
494 1488 582 1554 sealty
600 1496 623 1537 to
642 1486 734 1553 Apollo
752 1487 816 1537 told.

264 1571 307 1634 Qst
324 1573 354 1635 eff
367 1590 411 1622 one
428 1572 491 1623 wide
503 1590 618 1637 ,expense
636 1572 688 1622 lael
702 1573 720 1622 Ι
736 1574 792 1622 been
810 1572 862 1622 told

315 1656 380 1705 Thon
397 1655 565 1721 deep-brow’d
580 1656 673 1706 Homer
691 1654 762 1705 ruled
778 1673 808 1705 ae
825 1655 864 1705 lu‘e
880 1654 1009 1706 alemenae:

316 1739 362 1789 Yet
378 1738 422 1788 eliol
437 1738 457 1789 Ι
470 1757 544 1789 never
562 1740 659 1789 breatle
677 1739 707 1789 its
723 1756 785 1803 pore
802 1756 886 1789 serene

267 1822 291 1871 T
288 1821 316 1871 ill
332 1822 352 1871 I
364 1821 444 1871 laeard
463 1821 590 1889 Clapnron
607 1822 686 1887 specle
704 1830 744 1871 out
761 1821 820 1871 lond
836 1822 888 1871 and
903 1820 971 1870 bold:

267 1904 332 1953 llten
340 1905 394 1967 felt
410 1905 430 1954 I
444 1904 493 1955 lilce
509 1923 574 1955 sonte
592 1905 699 1955 weteler
717 1905 748 1967 eff
760 1905 798 1954 tlte
814 1905 881 1954 elciee

317 1988 394 2039 Wlten
411 2006 428 2038 a
445 2007 497 2038 new
512 1989 600 2055 planet
615 1989 698 2039 swinze
715 1988 765 2037 into
782 1988 820 2038 tis
837 1988 901 2049 lcen,·

264 2070 299 2120 Or
317 2071 364 2121 tit-e
381 2082 446 2121 stont
465 2073 559 2133 Cortez,
577 2075 646 2124 when
664 2074 719 2123 wltlr
738 2074 806 2139 euple
825 2094 880 2141 eyes

310 2156 351 2206 He
367 2156 454 2206 etareel
470 2166 496 2207 at
514 2158 551 2207 tlte
568 2157 666 2220 Pocifie
683 2185 716 2195 -
738 2157 789 2207 ond
805 2158 843 2207 all
857 2158 896 2208 leis
912 2171 964 2208 mear

264 2238 363 2287 Look’d
379 2248 407 2287 ot
424 2238 483 2289 eoolt
500 2240 567 2289 otlter
585 2240 648 2298 wat,
660 2256 677 2289 a
695 2239 754 2291 roild
766 2241 868 2290 surmr'ee
886 2268 918 2277 -

312 2320 404 2381 Silam,
422 2339 486 2387 upon
504 2339 521 2371 c
535 2323 604 2388 peak
621 2322 646 2373 in
664 2324 788 2373 Dorien.“

731 2468 739 2491 ι
790 2408 864 2457 Jona'
882 2408 977 2457 Kanrs.

195 2617 349 2703 Magnam
365 2617 487 2683 litterae
502 2619 658 2705 Anglicae
679 2620 864 2685 versionum
879 2619 1126 2685 Homerica-rum
1140 2643 1212 2685 ver·
1269 2632 1274 2640 ’
1309 2628 1312 2631 ’

112 2718 200 2783 sibus
224 2718 473 2803 compositarum
495 2719 737 2784 subministrant
758 2720 894 2805 copiam,
910 2721 951 2784 de
965 2720 1082 2804 quibus
1096 2744 1214 2807 magna

110 2818 251 2882 cernitur
271 2818 379 2884 iudicii
402 2818 580 2884 diversitas.
611 2821 742 2884 Etenim
763 2843 837 2884 cum
859 2821 988 2885 omnino
1010 2821 1135 2907 magnis
1150 2823 1211 2885 dif-

108 2916 303 2981 ficultatibus
324 2919 364 2982 sit
384 2918 589 3003 impeditum,
613 2919 639 2983 si
662 2918 733 3001 quis
754 2930 882 3004 poetam
906 2918 1068 2985 Graecum
1091 2920 1123 2983 in
1151 2921 1211 2985 lin-

107 3040 207 3102 guam
230 3018 391 3100 quandam
412 3018 619 3083 recentiorem
643 3019 814 3082 transferre
837 3031 984 3096 conatur,
1015 3020 1125 3083 mirari
1146 3044 1211 3085 non

106 3116 199 3192 licet,
229 3116 315 3198 quod
344 3139 437 3203 saepe
465 3117 637 3183 illiusmodi
670 3117 838 3182 conamina
867 3118 934 3182 sine
964 3118 1029 3183 ullo
1053 3120 1212 3205 probabili

105 3218 218 3281 fructu
238 3219 376 3282 fuerunt.

193 3316 302 3401 Atque
324 3340 384 3403 cgo
406 3316 569 3381 versiones
583 3316 774 3383 Homericae
789 3318 928 3402 Anglica
948 3317 1058 3404 lingua
1079 3343 1209 3406 compo-

106 3417 188 3480 sitas
210 3417 293 3481 inter
315 3438 353 3481 se
380 3428 622 3501 comparaturus
648 3414 723 3480 huic
748 3417 871 3479 muneri
898 3440 948 3480 me
975 3418 1210 3484 satisfacturum

104 3538 179 3579 esse
202 3538 307 3602 spero,
326 3539 390 3580 non
412 3537 522 3580 omnes
544 3514 625 3592 illos,
642 3514 696 3598 qui
719 3514 899 3579 Homerum
920 3514 1057 3603 Anglioe
1078 3519 1212 3582 reddere

104 3618 311 3692 studuerunt,
333 3616 388 3679 sed
403 3614 524 3681 nullum
538 3628 666 3699 praetor
682 3612 921 3700 Chapmanum,
942 3617 1093 3703 Popium,
1114 3617 1211 3684 Con·-

101 3740 222 3803 perum
233 3715 266 3779 in
280 3714 479 3779 collationem
500 3726 694 3796 vocaturus·
706 3712 790 3778 Cum
802 3715 886 3779 enim
907 3728 1030 3781 ceterae
1044 3718 1208 3787 versiones

100 3816 312 3893 Homericae,
325 3815 442 3899 quibus
457 3814 602 3879 homines
616 3814 745 3881 litterati
759 3815 881 3881 litteras
895 3814 1052 3901 Anglicas
1072 3817 1211 3903 locuple-

102 3902 275 3993 taucrunt,
305 3926 359 3980 aut
380 3928 444 3980 tam
466 3914 555 3979 nihili
578 3914 641 3979 sint
661 3915 843 3993 habendae,
872 3941 891 3981 a
915 3915 1020 3980 iudice
1047 3917 1210 4003 impetrari

101 4028 141 4081 ut
162 4028 317 4100 nequeat,
350 4026 386 4079 ut
412 4014 645 4100 diligentiorem
673 4015 818 4079 instituat
844 4016 883 4079 de
912 4015 958 4080 eis
981 4018 1209 4099 quaestionem,

102 4127 164 4180 aut
186 4124 310 4179 tantum
334 4113 517 4200 specimina,
533 4112 650 4197 quibus
666 4113 790 4199 singula
805 4113 934 4197 quidem
949 4116 1111 4198 quomodo
1127 4127 1211 4181 trao-

102 4225 175 4279 tata
198 4214 262 4281 sint
282 4213 419 4301 perspici
440 4213 552 4301 possit,
575 4234 678 4297 nequo
699 4235 775 4277 vero
796 4213 830 4277 in
852 4213 1036 4279 universum
1051 4217 1091 4280 de
1112 4216 1211 4281 inter-
