3259 5317
913 394 1013 487 aa

410 614 487 659 vcra
508 592 576 659 eius
597 592 717 679 effigies
738 593 900 679 prodiret,
915 594 974 659 sed
995 616 1059 657 non
1081 604 1246 659 assecutus
1267 605 1331 669 est,
1352 592 1446 676 quod
1461 615 1503 657 vo·

410 692 482 771 luit,
508 692 598 758 cuius
624 693 671 757 rei
696 716 826 759 causam
852 694 927 759 inde
953 694 1131 760 ducendam
1156 714 1227 757 esse
1248 692 1412 769 arbitror,
1433 692 1501 775 qaod

410 814 535 855 summa
553 804 687 857 martem
708 792 740 857 in
761 794 939 879 praeceptis
960 793 1021 859 illis
1042 792 1156 857 ieiunis
1179 802 1211 855 et
1226 814 1247 855 a
1268 814 1352 855 vera
1372 790 1501 855 doctrina

410 904 442 954 ct
463 904 530 955 ante
551 891 771 971 alienissimis,
795 916 877 977 quae
897 917 938 960 ex
959 893 1215 960 Franco-Gallia
1235 892 1449 978 potissimum
1464 914 1504 954 re·

337 1040 347 1057 .
410 991 508 1076 petita
528 1003 630 1069 erant,
650 993 788 1077 positam
809 1017 881 1058 csse
901 994 1044 1080 putabat.
1079 993 1226 1079 Vestigia
1246 993 1376 1078 ingenii
1397 992 1505 1055 Hono

411 1092 468 1157 rici
489 1092 522 1156 in
544 1092 638 1179 Popii
661 1095 808 1159 versione
839 1096 1012 1161 admodum
1037 1110 1113 1159 raro
1140 1116 1174 1159 se
1195 1094 1354 1179 produnt.
1361 1140 1383 1180 0
1398 1092 1506 1176 Popius

411 1193 442 1255 in
469 1193 664 1277 praefatione
693 1216 768 1258 suae
795 1195 952 1259 versionis
982 1194 1024 1259 de
1056 1191 1245 1279 Chapmano
1278 1191 1385 1257 dicit:
1419 1192 1508 1270 „Tau

411 1290 507 1355 wlticlr
527 1293 555 1355 is
576 1302 604 1356 lo
620 1294 660 1357 do
680 1292 809 1358 allowed
829 1294 904 1370 lim,
925 1295 990 1358 aad
1008 1294 1107 1358 radioli
1125 1316 1196 1377 very
1214 1292 1308 1355 mccli
1329 1290 1510 1355 maamad

410 1402 438 1455 to
457 1413 543 1455 cover
563 1390 611 1455 tn
631 1393 756 1479 deficta,
784 1394 812 1455 is
832 1417 854 1457 a
874 1394 987 1477 dariny
997 1394 1079 1481 jiery
1097 1393 1189 1479 spirit
1209 1391 1276 1455 tlrat
1297 1392 1454 1454 animatas
1470 1390 1510 1451 lis

411 1488 609 1567 translation,
637 1491 733 1554 wlriclt
759 1493 786 1555 is
811 1492 977 1577 sooretltinp
1003 1492 1060 1557 lite
1084 1492 1165 1555 what
1185 1514 1241 1556 ona
1260 1490 1511 1575 aspasiumque

410 1588 529 1653 Homer
551 1589 675 1675 himself
690 1592 791 1655 would
812 1591 1143 1679 lassataslasatas
1170 1591 1206 1655 lte
1228 1593 1362 1655 aniceti
1383 1603 1419 1655 at
1433 1612 1510 1676 years

410 1690 450 1775 of
465 1691 657 1755 discretion.“
700 1688 792 1771 Quae
825 1692 925 1757 verba
951 1691 1046 1777 Popii
1081 1691 1244 1755 Hemicus
1263 1690 1406 1755 Hallam
1425 1692 1447 1774 ¹)
1463 1688 1513 1753 ubi

411 1788 533 1853 anun:
565 1790 637 1868 „He
664 1774 765 1877 ...att
791 1793 867 1857 aa
897 1794 1029 1869 musas
1059 1792 1180 1875 inquit,
1212 1791 1300 1869 „aaa
1327 1790 1511 1878 caspar.

410 1889 606 1967 translation,
628 1892 700 1955 soilli
720 1890 766 1955 all
784 1894 823 1956 its
843 1892 965 1979 defecta,
987 1895 1015 1956 is
1036 1892 1119 1979 often
1139 1890 1332 1976 mceedlaply
1353 1892 1513 1962 Romaim

411 2014 432 2055 a
448 1992 555 2078 praise
575 1990 673 2055 wlriolt
695 1992 782 2079 Pope
810 1993 936 2079 limae&
956 1993 1070 2057 seldom
1090 1993 1256 2057 attaiacd.“
1298 1991 1514 2055 Desiderato

410 2090 444 2153 in
465 2090 560 2176 Popii
581 2092 728 2157 versione
748 2092 869 2178 species
890 2093 944 2157 illa
963 2093 1135 2178 singularis
1157 2114 1195 2155 ac
1215 2102 1344 2168 natura,
1364 2105 1514 2175 quaeest

412 2189 591 2273 antiquitati
611 2191 759 2277 propria,
781 2204 817 2256 ut
836 2192 921 2257 illius
942 2193 1055 2257 heroes
1075 2191 1232 2277 genuinos
1253 2190 1424 2256 Boileauii
1445 2190 1515 2255 filios

392 2288 517 2383 ⁸dicere
538 2290 617 2355 bene
639 2290 741 2355 liceat.
782 2290 858 2355 Non
883 2293 1006 2357 accedit
1031 2292 1073 2355 ad
1100 2290 1249 2355 subtilem
1269 2289 1359 2355 illam
1383 2290 1514 2355 Homeri

412 2412 537 2455 morum
559 2403 590 2456 et
609 2391 752 2457 indolum
775 2393 1051 2485 depingendomm
1068 2403 1180 2469 artem,
1201 2413 1305 2475 neque
1318 2391 1427 2455 etiam
1448 2392 1516 2455 satis

412 2490 575 2576 spectabat
586 2491 833 2577 mythologicam
844 2506 988 2574 veterum
1003 2489 1301 2566 considerationem,
1321 2489 1516 2555 utbreviter

411 2591 456 2654 ita
477 2589 583 2654 dicere
602 2590 706 2667 liceat,
728 2592 865 2675 denique
887 2614 981 2677 saepe
996 2590 1166 2677 indiligens
1181 2603 1229 2654 est
1243 2589 1423 2673 multisque
1445 2591 1517 2655 locis

413 2690 540 2757 Graeca
560 2690 660 2757 verba
678 2692 937 2778 circumscripsit,
952 2714 1148 2776 quamquam
1161 2691 1245 2755 hanc
1256 2689 1364 2775 ipsam
1383 2689 1433 2755 ob
1455 2714 1516 2755 rem

414 2790 638 2878 Chapmanum
658 2791 903 2877 vituperaverat.
944 2791 1020 2856 Non
1034 2793 1115 2855 'raro
1136 2811 1264 2874 quoque
1279 2788 1518 2875 simplicitatem

412 2890 577 2955 Homerici
604 2891 760 2955 sermonis
788 2892 867 2955 falsa
894 2902 1154 2955 ornamentorum
1174 2888 1300 2953 luxuria
1313 2888 1517 2977 obliteravit.

415 2990 569 3069 Attamen
589 3013 629 3053 ne
649 2991 766 3055 nimius
785 2990 900 3054 videar
912 2990 947 3053 in
956 2988 1183 3075 vituperando,
1197 2987 1360 3052 laudanda
1372 2992 1518 3074 profecto

412 3101 460 3155 cst
489 3089 652 3175 diligentia
675 3088 770 3175 Popii
800 3088 836 3153 in
865 3088 991 3153 dicendi
1023 3110 1141 3174 genere
1170 3086 1325 3163 adhibita,
1353 3087 1453 3153 cuius
1474 3088 1517 3153 rei

411 3190 570 3255 luculenta
590 3201 664 3254 sunt
685 3190 875 3255 documenta
902 3190 1038 3255 schedae
1061 3187 1146 3274 illius
1171 3187 1421 3272 manuscriptae,
1447 3189 1517 3273 qui·

412 3290 472 3354 bus
484 3312 580 3374 quam
591 3301 737 3356 accurate
748 3300 780 3354 et
791 3288 949 3354 subtiliter
959 3288 1086 3375 singula
1095 3287 1300 3374 perpoliverit
1310 3286 1516 3373 perspicitur.

411 3390 524 3476 Neque
553 3391 648 3455 etiam
674 3390 785 3477 negari
813 3400 930 3476 potest,
957 3389 1118 3453 interdum
1148 3387 1262 3474 spiritu
1289 3409 1364 3451 vere
1387 3392 1516 3473 poetico

413 3515 484 3557 eum
505 3490 649 3555 inflatum
670 3490 778 3567 fuisse,
802 3490 858 3553 sed
879 3490 914 3553 in
934 3488 1120 3553 universum
1136 3508 1248 3551 severa
1269 3487 1337 3551 eius
1354 3500 1386 3550 et
1406 3487 1516 3573 rigida

412 3589 589 3653 constantia
609 3587 708 3651 nimia
729 3587 934 3652 similitudine
954 3586 1088 3651 laborat.
1122 3583 1369 3650 Observandum
1384 3606 1516 3671 quoquc

328 3736 336 3751 .
413 3688 569 3771 estquod
600 3686 723 3774 Popius
755 3687 923 3773 proprium
947 3676 1015 3751 'sibi
1046 3696 1079 3751 et
1109 3686 1269 3771 singulare
1299 3684 1406 3763 habet,
1437 3710 1514 3752 eum

413 3788 566 3853 orationis
588 3787 730 3871 modum,
753 3810 848 3871 quem
870 3786 1089 3852 antitheticum
1109 3797 1235 3863 vocant,
1261 3786 1355 3850 valde
1375 3810 1510 3854 amasse.

415 3888 490 3969 Quo
511 3890 629 3955 factum
657 3900 716 3966 est,
745 3898 782 3953 ut
813 3887 919 3953 versio
940 3887 1009 3952 eius
1030 3886 1325 3973 epigrammaticam
1350 3889 1512 3971 quandam

482 4114 518 4192 l)¹
534 4118 702 4177 Introduction
720 4138 742 4177 to
761 4129 798 4179 llo
815 4128 958 4179 literatius
982 4129 1013 4192 of
1025 4128 1126 4191 Europe
1144 4127 1169 4175 in
1187 4125 1224 4174 tlte
1235 4125 1362 4189 ‘lijleetttb
1383 4125 1508 4175 sirteentl.

413 4213 465 4264 arrd
481 4212 631 4263 scvcnteeatlr
651 4212 782 4263 Centuries.
