3259 5317
651 446 668 505 7

108 645 196 718 „Tire
222 642 552 721 Genlleman-Uslrer,“
578 668 630 709 are
651 645 789 731 perhaps
817 647 958 731 superior
984 657 1012 709 to
1040 645 1214 729 liisrtraqe-

107 747 205 808 rlies.“
246 745 298 808 De
322 743 486 807 comoedia
508 743 586 821 „All
606 744 720 807 Foals“
741 745 774 807 in
796 746 1038 831 „Retrospeelire
1057 746 1212 819 Reaiew‚‘'‘

107 843 171 923 vol.
192 842 246 919 V.,
268 843 329 907 hoo
354 842 508 906 iudicium
535 841 689 927 legimus:
720 844 808 921 „Tire
822 830 1006 909 'characters
1033 846 1067 907 in
1091 843 1217 927 arnnal

106 966 163 1005 are
183 942 250 1005 well
269 944 439 1016 sustainerl3
464 941 511 1005 tlte
532 942 672 1026 dioloyue
693 944 720 1005 is
742 944 887 1029 spirited;
914 945 979 1007 ancl
999 943 1046 1006 tlte
1067 945 1214 1007 inridente

93 1044 282 1127 interestinq
309 1044 373 1105 and
399 1041 572 1125 aqreealrle3
598 1043 698 1105 added
723 1053 751 1105 to
772 1043 870 1105 alricii
899 1043 947 1106 tlte
967 1044 1167 1121 versification
1187 1045 1215 1105 is

103 1143 173 1204 rielr
184 1144 246 1205 aad
257 1142 397 1216 musical,
410 1142 474 1203 anrl
485 1164 574 1225 many
584 1162 730 1225 passoyes
742 1142 777 1225 of
783 1142 988 1206 considerable
1007 1142 1139 1227 poetical
1152 1165 1213 1205 me-

105 1244 150 1303 rit
161 1260 213 1303 are
224 1241 367 1304 scoltererl
376 1261 446 1302 orer
465 1242 497 1303 il.
515 1240 545 1302 Τ
542 1240 578 1303 lte
599 1238 704 1303 talento
725 1239 761 1325 of
774 1239 934 1326 Chapman
948 1241 1085 1304 nowhere
1098 1264 1216 1327 appear

107 1353 136 1403 to
161 1362 192 1403 so
218 1350 305 1424 areat
329 1340 529 1423 advantayef‘
569 1338 692 1423 Magno
721 1339 868 1403 videmus
894 1339 1000 1403 studio
1024 1339 1213 1424 flagrantem

104 1448 244 1500 aetatem
265 1448 407 1501 nostram
427 1437 468 1500 ad
484 1453 608 1522 tempus
630 1437 721 1513 illud,
737 1459 801 1521 quo
815 1437 1004 1502 Elisabetha
1023 1439 1135 1523 regina
1153 1438 1213 1501 flo-

105 1536 183 1611 ruit,
205 1536 483 1620 persorutundum,
500 1536 587 1619 quod
602 1536 712 1599 mirari
727 1536 890 1612 nonlicet,
912 1560 986 1600 narn
1001 1535 1058 1600 ubi
1071 1537 1212 1621 primum

104 1638 140 1700 in
163 1635 393 1721 Shaksperium
413 1635 531 1719 inquiri
554 1659 573 1699 n
594 1636 697 1700 doctis
719 1635 797 1699 viris
819 1648 967 1721 coeptum
981 1649 1040 1713 est,
1055 1636 1124 1700 fieri
1145 1660 1211 1700 nan

103 1737 222 1822 potuit,
245 1737 332 1818 quin,
355 1747 391 1798 ut
424 1735 481 1799 toti
510 1734 557 1799 illi
583 1736 678 1799 aetati
704 1736 883 1800 atlierretur
901 1736 967 1812 lux,
1000 1734 1212 1801 laboraretur.

105 1836 272 1900 anlittus
294 1835 327 1897 in
339 1835 503 1913 „Lectnres
525 1859 565 1899 on
586 1836 633 1899 tlte
651 1837 818 1899 Dramatic
832 1836 1006 1901 Literalure
1026 1839 1065 1923 of
1081 1838 1129 1902 tte
1142 1839 1210 1922 Aac

103 1937 335 2023 of'Eliealretlr“
352 1937 433 2013 „Ha
457 1938 604 2013 indeed‚“·
618 1936 736 2019 inquit,
760 1935 935 2015 „ooaloolcs
955 1940 1019 2001 and
1039 1940 1213 2002 eonrnmnds

97 2038 157 2100 <lie
179 2038 364 2101 admiration
385 2038 423 2123 of
435 2040 595 2124 perierim,
622 2038 673 2101 lai
699 2038 735 2101 lte
762 2038 833 2101 aloes
860 2040 883 2100 il
894 2039 984 2123 from
1011 2038 1069 2101 tte
1093 2036 1213 2101 lable-

103 2138 202 2199 land
227 2137 269 2222 of
293 2138 349 2201 tlte
377 2159 447 2220 aye
472 2138 512 2199 in
537 2137 655 2199 wltioli
683 2136 724 2200 lie
753 2136 862 2200 lived.
905 2138 956 2201 He
975 2139 1103 2201 auena
1120 2138 1214 2202 aiore

102 2238 155 2299 las
173 2236 297 2319 fellones
321 2239 375 2314 „in
402 2236 496 2323 eliope
519 2238 586 2331 anri
609 2248 726 2321 yesinre
748 2236 884 2322 prouilly
910 2239 1075 2313 eminenl,“
1100 2238 1152 2299 bul
1177 2238 1213 2300 lte

101 2359 169 2398 raas
192 2358 247 2398 one
268 2335 304 2420 of
320 2358 340 2397 a
360 2357 429 2397 raae
450 2334 487 2417 of
502 2336 615 2419 9innts,
638 2334 684 2398 tlte
706 2334 812 2411 tollen,
829 2335 1046 2419 ineruerent,
1069 2336 1115 2399 tlte
1135 2348 1213 2399 most
1299 2400 1303 2405 ,

99 2434 246 2521 yraoefal
272 2436 337 2497 and
364 2434 513 2523 beautiful
539 2435 576 2521 of
603 2435 697 2509 theru·
736 2436 799 2499 bnt
829 2436 859 2498 it
889 2460 963 2499 was
993 2460 1014 2499 a
1046 2459 1212 2500 common

100 2562 122 2598 a
130 2535 181 2597 nd
203 2558 222 2596 a
243 2532 351 2597 nolle
373 2534 519 2599 broad.“
552 2532 604 2596 Ao
624 2534 766 2617 proiecto
788 2532 850 2597 illis
871 2534 1043 2619 praeclaris
1063 2533 1210 2619 ingeniis,

101 2656 188 2716 quae
209 2655 274 2696 una
292 2655 365 2696 cum
387 2626 589 2718 Shnksperio¹
606 2632 789 2710 effecerunt,
811 2644 847 2697 ut
862 2646 950 2698 aetas
964 2634 1018 2698 illo
1032 2628 1211 2698 litierarum

99 2731 317 2816 Anglioarum
339 2754 413 2795 vero
436 2754 532 2795 aurea
555 2732 662 2795 vocari
684 2731 809 2809 debeat,
834 2730 1042 2818 Chapmanus
1057 2735 1212 2797 adnume-

100 2831 227 2895 randus
248 2843 307 2894 est.
338 2830 537 2895 Emersonus
552 2830 646 2894 huius
662 2830 763 2895 nostri
780 2832 932 2915 temporis
954 2832 1091 2917 scriptor
1106 2830 1211 2896 bonae

99 2945 201 2993 notae
223 2928 256 2992 in
277 2928 360 2993 libro
384 2952 442 2993 suo
464 2930 620 3015 „Enylislr
647 2933 769 2995 Traits“
791 2931 949 3017 appellato
978 2932 1064 2996 huno
1085 2932 1118 2995 in
1131 2926 1232 2997 ‘mo--

98 3030 184 3091 dum
213 3028 363 3093 lectorem
396 3029 593 3115 interrogat:
623 3032 725 3108 „How
753 3055 835 3095 rame
863 3032 935 3095 sueli
961 3055 1030 3095 men
1061 3057 1097 3096 as
1124 3034 1212 3119 Kinq

100 3129 223 3214 ⁴ilfred
245 3131 309 3193 ariel
328 3130 433 3214 Royer
454 3131 574 3206 Boron,
600 3130 736 3194 Williarn
757 3132 794 3217 af
812 3131 985 3215 tisanana,
1017 3132 1130 3196 Walter
1142 3136 1211 3197 Ra·

99 3227 202 3311 leiylt,
232 3227 340 3313 Philip
377 3228 505 3313 Siriney,
532 3230 625 3291 Iasae
650 3228 793 3306 Neriton,
833 3230 969 3293 William
994 3230 1210 3318 Sitalcespeare,

102 3326 256 3411 ’.ἔκοψε
282 3326 481 3414 Clrapmam
503 3329 634 3391 Roneis
655 3330 776 3406 Boron,
804 3327 920 3414 Georye
943 3331 1082 3407 Herbert,
1105 3332 1212 3416 Hemy

107 3425 208 3501 Vane,
229 3437 258 3491 to
281 3429 356 3490 erist
378 3425 496 3491 lterel“
527 3428 683 3493 Videmus
705 3453 782 3516 ergo
805 3430 845 3494 ab
861 3432 922 3494 hoo
937 3430 1007 3494 viro
1022 3430 1211 3516 Chapmano

99 3525 214 3589 sedem
240 3524 323 3589 inter
350 3524 580 3612 Shaksperium
614 3540 645 3593 et
677 3530 840 3594 Bsoonem
867 3532 1114 3596 honoratissimo
1140 3530 1211 3594 loco

97 3647 290 3689 concessam
310 3648 391 3691 esse.
426 3624 553 3707 Quibus
577 3653 615 3692 rx
637 3630 714 3693 viris
736 3630 914 3695 illustribus
935 3631 1133 3695 Emersonus
1155 3631 1212 3693 de-

98 3726 179 3789 iude
198 3726 260 3789 hoo
282 3727 426 3809 quaesit:
451 3763 466 3789 „
479 3728 572 3791 erat
585 3730 667 3813 foad
687 3730 752 3815 tltey
774 3742 831 3807 ate,
854 3733 934 3796 altat
956 3733 1096 3815 nursino,
1112 3730 1214 3795 salrool

96 3828 167 3890 arrd
189 3828 333 3890 eneroises
354 3828 418 3913 tltey
440 3828 519 3905 irad,
542 3830 640 3892 wlziolr
665 3830 795 3895 resullecl
816 3835 850 3894 in
871 3834 930 3896 iltis
951 3833 1068 3896 mollier
1087 3872 1129 3881 -
1150 3834 1211 3908 trit,

96 3925 236 4009 ‹lelioaey
257 3925 294 4011 of
310 3925 444 4011 tironylit,
467 3928 531 3991 aad
551 3929 654 3991 roboat
674 3926 844 3994 urisdoml“
878 3928 989 3993 Alium
1005 3928 1142 4011 denique
1162 3928 1212 3992 lo·

95 4049 176 4089 cum
202 4046 242 4088 ex
268 4025 381 4089 eodem
409 4024 492 4091 libro
523 4028 691 4112 repetitum
717 4028 773 4092 ubi
790 4028 936 4106 attulero,
959 4028 999 4092 do
1022 4026 1210 4113 Chnpmauo

99 4123 183 4188 satis
212 4124 333 4187 dietum
359 4125 428 4189 fore
455 4138 554 4211 puto:
582 4128 689 4205 „How
714 4153 806 4214 many
838 4128 970 4194 volu-ines
997 4129 1034 4214 os
1056 4129 1214 4194 well-brai

97 4235 196 4289 melre
218 4247 260 4288 we
280 4236 360 4287 anast
373 4225 473 4311 jinyle
495 4227 623 4312 tlrrouqlr
645 4228 744 4313 onore
764 4252 806 4293 tae
833 4252 891 4293 ean
912 4232 946 4294 be
964 4228 1071 4317 filled,
1097 4231 1210 4326 larabi,
