3259 5317
668 424 706 484 13

130 627 182 688 tlte
205 625 345 711 troppiest
360 635 437 711 pon
458 625 494 710 os
509 626 557 687 lais
579 625 642 713 lise,
658 664 700 675 -
721 622 813 707 oaplit
826 633 877 687 aot
899 634 928 688 to
950 624 985 688 be
1009 623 1189 708 ertperseded
1202 621 1239 702 aa

131 752 153 787 a
175 724 300 800 reoisol,
322 749 358 787 or
378 724 481 787 rather
502 726 744 797 reconstncction,
766 724 863 787 colticis
885 747 948 786 roas
963 723 1144 785 andei-taken
1160 722 1239 783 tinne

127 850 223 905 ,eleetos
246 825 344 910 latore
365 824 413 886 liis
435 825 539 899 clentis,
562 864 602 875 -
629 836 681 887 not
708 824 765 889 lilce
786 824 833 886 tlte
852 826 919 901 first
939 823 1120 887 translation
1142 847 1177 885 ue
1198 848 1239 897 ,n

132 926 279 1009 pleasant
299 926 390 1001 work,
414 948 455 987 an
476 926 613 988 innocent
636 908 777 1008 luenip,“
806 924 853 986 tlte
874 922 1006 1007 olieenicl
1025 924 1090 987 and
1111 922 1238 1002 delipltt-

126 1026 183 1105 fnl
204 1028 381 1110 occupatiore
402 1025 439 1111 of
455 1024 531 1109 dopo
552 1024 617 1087 aad
636 1026 752 1087 ardon
768 1024 838 1086 and
858 1024 1013 1099 mnddion,
1026 1062 1069 1073 —-
1086 1024 1138 1085 bat
1151 1046 1239 1096 asae

134 1124 273 1210 hopeless
296 1124 520 1211 employment,“
544 1148 564 1187 o
585 1124 650 1187 toste
670 1123 767 1186 wliicb
789 1123 826 1187 be
844 1145 920 1207 quoe
940 1124 974 1185 in
994 1122 1061 1200 ,att
1079 1122 1128 1185 liis
1148 1124 1238 1185 aaziae·

134 1226 224 1289 roble
250 1226 339 1311 dape,
366 1227 430 1289 and
454 1226 533 1311 oftm
557 1249 649 1309 ononp
677 1225 771 1287 boiens
798 1224 835 1309 of
857 1225 905 1288 tlte
924 1224 1051 1308 niqbtff‘
1071 1224 1189 1307 seela'np
1211 1234 1238 1285 to

134 1325 255 1409 beytn‘le
278 1326 324 1389 tlte
349 1348 431 1387 secate
456 1325 494 1411 of
515 1336 592 1388 atter
618 1323 847 1399 toretcliedness,
874 1324 912 1407 oy
937 1324 1066 1408 adonay
1088 1347 1123 1386 us
1144 1323 1240 1407 isson

134 1428 183 1488 tbe
205 1427 275 1489 solco
296 1426 333 1511 of
348 1426 537 1489 alteration.“
570 1425 681 1488 Editio
701 1425 816 1509 prima,
840 1446 904 1507 qua
924 1446 984 1509 ego
1007 1445 1134 1507 quoque
1154 1445 1240 1485 nune

134 1540 225 1599 ntor,
252 1525 356 1589 locum
385 1546 478 1587 suum
504 1523 538 1587 in
559 1523 672 1587 litteris
693 1522 842 1609 Anglicis
862 1523 948 1587 huno
968 1545 1070 1606 usque
1092 1522 1133 1586 ad
1154 1521 1239 1585 diem

134 1624 290 1701 obtinuit,
319 1623 448 1687 alterius
477 1636 582 1687 nutem
608 1623 756 1686 editionis
783 1623 967 1687 immutatae
988 1646 1074 1686 nuno
1094 1622 1238 1689 homines

135 1726 189 1787 vix
213 1724 404 1787 mentionem
427 1723 556 1787 faciunt.
584 1721 687 1789 Simili
709 1745 837 1805 quoque
858 1723 987 1787 fortuna
1007 1758 1049 1769 -
1070 1745 1145 1785 nam
1162 1723 1238 1787 „ha-

135 1824 215 1887 bent
237 1844 295 1886 sua
315 1824 380 1885 sata
402 1822 516 1885 libellis
540 1858 582 1867 -
603 1844 696 1885 usum
718 1834 766 1885 est
786 1821 966 1885 immortale
985 1821 1063 1885 illud
1084 1821 1240 1885 Tassonis

135 1945 263 2006 poema,
280 1944 342 2005 quo
355 1920 581 2005 ffierosolymn
592 1921 726 1985 liberata
740 1920 922 1997 celebravit,
935 1921 1032 2004 quod,
1045 1910 1242 2003 quamquam

136 2024 197 2086 sibi
222 2022 282 2107 ipsi
306 2022 391 2085 aliud
416 2044 605 2106 persuasum
633 2034 711 2097 erat,
740 2038 893 2085 novatum
918 2010 1034 2085 iterum
1062 2022 1178 2098 edidit,
1207 2033 1240 2084 et

139 2124 272 2204 quidem
293 2135 329 2185 ut
341 2120 517 2206 Conperus
538 2121 770 2207 posterioribus
793 2122 922 2185 deinum
943 2121 1026 2185 vitae
1049 2121 1151 2196 annis,
1166 2142 1238 2183 euni
1283 2114 1286 2121 ’

136 2222 257 2307 ingenii
279 2223 362 2286 acies
382 2221 529 2285 hebetata
550 2236 627 2286 erat.
671 2221 747 2302 Quo
769 2223 888 2287 sactum
910 2234 967 2299 est,
986 2233 1022 2286 ut
1042 2222 1121 2285 haee
1141 2220 1240 2283 altera

137 2326 206 2386 eius
226 2322 380 2407 poematis
402 2322 510 2397 editio,
535 2344 630 2405 quam
653 2344 718 2385 non
739 2322 800 2387 nisi
821 2322 857 2403 iu
876 2333 1011 2405 utraque
1026 2344 1143 2406 magua
1157 2320 1239 2385 Tas-

137 2424 225 2486 sonis
248 2445 379 2508 operum
395 2423 577 2487 collectione
592 2422 753 2507 vulgatam
769 2444 839 2487 esse
860 2434 960 2507 puto,
983 2422 1072 2486 brevi
1087 2423 1239 2507 temporis

142 2522 245 2607 spatio
269 2522 428 2585 oblivione
449 2521 657 2604 [obrueretum
688 2534 799 2587 contra
825 2522 888 2586 diei
914 2522 968 2585 vix
993 2533 1100 2608 potest
1119 2521 1238 2586 Hiero·

138 2623 261 2706 solyma
292 2621 435 2698 liberata,
463 2633 500 2685 ut
525 2623 664 2704 primum
692 2644 709 2685 e
729 2621 985 2707 calamo-poetae
1003 2610 1238 2706 profluxerant,

138 2723 264 2803 quoties
291 2722 376 2785 edita
402 2723 473 2786 sint.
518 2723 672 2787 Vltimam
695 2721 872 2807 Cowperus
904 2722 992 2807 degit
1011 2722 1110 2785 vitam
1131 2721 1239 2785 multis

139 2822 371 2886 calamitatibus
392 2834 549 2886 vexatam.
590 2823 692 2887 Vanis
715 2824 861 2887 tristitiae
886 2846 925 2886 ex
948 2822 1169 2907 superstitiosa
1187 2844 1239 2884 re·

138 2922 256 3006 ligione
282 2936 370 2985 ortae
396 2922 570 3007 angoribus
598 2912 798 2987 sollicitatum
827 2922 979 2986 continuo
1006 2934 1110 2985 metus
1140 2920 1241 2984 tenuit

137 3044 313 3105 poenarum
325 3044 404 3105 quas
419 3022 484 3085 vita
504 3032 633 3107 pernet'a
655 3022 715 3085 sibi
740 3022 906 3085 imminere
920 3021 1063 3107 putabat.
1083 3020 1240 3086 Vltimum

141 3120 290 3206 Conperi
305 3143 432 3185 carmen
454 3122 541 3199 „Tne
560 3120 737 3206 Coetowoy“
759 3121 916 3206 elegantia
935 3122 1064 3206 plenum
1086 3121 1154 3185 eius
1172 3120 1238 3184 vim

138 3222 296 3307 poetieam
316 3220 369 3284 illo
392 3221 486 3284 etiam
508 3234 649 3305 tempore
674 3244 738 3285 non
758 3222 891 3285 fractam
913 3222 1011 3285 fuisse
1032 3222 1239 3285 demonstrat.

139 3321 279 3384 Mortem
302 3319 450 3385 occubuit
474 3318 650 3406 Conperus
674 3342 756 3383 anno
777 3318 943 3385 MDCCC
970 3322 1070 3385 vitam
1095 3321 1240 3385 miseria·

140 3446 213 3485 rum
233 3421 448 3507 plenissimam
470 3421 591 3484 finiens.
624 3420 701 3485 Fuit
723 3420 814 3503 quasi
830 3421 1038 3505 praenuntius
1054 3419 1238 3485 recentioris

140 3522 223 3585 illius
244 3520 421 3585 litterarum
442 3519 653 3605 Angliearum
675 3520 785 3583 aetatis
809 3520 1008 3604 splendidae,
1037 3542 1117 3603 quas
1143 3518 1237 3584 Scot-

141 3636 207 3697 tuS,
229 3620 388 3697 Moorius,
411 3620 523 3704 Byron
551 3620 592 3683 ad
619 3642 776 3683 summam
805 3620 1005 3684 altitudinem
1028 3621 1238 3684 adduxerunt.

140 3721 275 3806 Rigidae
297 3732 328 3784 et
349 3720 521 3785 tralaticiae
543 3720 791 3797 consuetudinis,
815 3743 897 3803 quae
920 3722 1045 3785 saeculo
1068 3722 1164 3785 modo
1179 3745 1237 3785 an-

141 3820 311 3897 tecedente,
340 3821 509 3903 quominus
526 3821 575 3883 vis
593 3820 717 3905 poetica
742 3820 841 3884 libere
862 3821 1082 3906 explicaretur,
1104 3821 1240 3906 impedi-

141 3933 246 3984 mento
272 3922 392 3997 fuerat,
419 3921 573 4006 repagula
596 3922 797 4007 perfringens
821 3920 944 4005 primus
975 3935 1039 3999 est,
1061 3944 1154 4005 quem
1178 3922 1239 3986 sibi

140 4022 201 4107 ipsi
223 4020 342 4103 aliquid
364 4020 576 4085 vindicantem
598 4021 773 4085 videamus.
814 4019 958 4085 Omnino
980 4021 1048 4085 eius
1068 4022 1175 4107 poesis
1198 4022 1239 4084 ad

141 4121 325 4206 religionem
345 4120 517 4205 spectabat.
551 4119 704 4186 Canendo
720 4120 892 4185 celebravit
912 4121 1011 4184 vitam
1033 4122 1239 4185 domesticam

142 4221 386 4299 Britannorum,
420 4222 476 4287 sed
504 4222 600 4287 ctiam
632 4224 673 4285 ad
699 4223 827 4287 altiores
854 4246 906 4288 res
933 4222 1076 4287 accessit.
1118 4224 1236 4288 Proenl
