3259 5317
660 445 679 509 5

119 648 192 721 „Aa
214 648 357 734 spicode,
378 672 414 713 or
435 648 572 712 lbrterol
593 648 699 732 donst
721 647 902 711 celebravit.
944 650 1063 713 Postea
1084 646 1220 713 Roberti

118 735 203 811 Carr
235 748 359 811 comitis
387 748 427 811 dc
455 744 618 813 Somerset
642 748 779 834 gratiam
806 761 838 813 et
863 752 1007 813 favorem
1029 749 1091 813 sibi
1112 750 1219 814 conci·

116 847 216 910 liavit.
258 846 366 911 Vitam
389 848 457 913 eius
484 848 609 933 lougius
640 849 788 933 persequi
815 873 889 914 cum
914 873 979 913 non
1000 849 1042 913 sit
1061 849 1123 913 mei
1143 872 1220 934 pro-

116 947 225 1031 positi,
247 947 280 1010 id
302 958 426 1011 tantum
448 948 543 1039 addo,
566 970 660 1033 saepe
682 971 754 1012 cum
776 949 810 1013 in
825 972 878 1013 res
892 950 1045 1013 adversas
1059 949 1218 1013 incidisse.

117 1097 135 1124 ¹„
145 1046 337 1134 Ctrapmanf‘
355 1048 398 1111 ait
414 1045 593 1123 Giffordus,
616 1050 716 1125 „died
739 1050 762 1111 Ι
772 1050 859 1133 feer,
872 1073 951 1135 poor
965 1052 1029 1113 aad
1041 1048 1220 1134 nepleaed.“

117 1147 217 1210 Diem
242 1146 321 1210 obiit
346 1170 530 1232 supremum
556 1170 639 1211 anno
667 1145 937 1226 MDCXXXN,
965 1172 1029 1232 qua
1055 1150 1153 1212 dere
1175 1148 1218 1212 A.

117 1245 165 1309 W
166 1246 279 1311 oodius
307 1246 369 1309 hoc
396 1246 492 1309 dicit:
518 1246 584 1324 „At
606 1245 704 1331 lenqtd
726 1247 785 1309 tln's
806 1259 884 1311 most
902 1249 1030 1312 eminent
1050 1250 1115 1312 aad
1134 1270 1216 1312 reee-

118 1348 196 1409 rend
211 1358 297 1433 poet,
326 1346 438 1431 lzauinp
459 1345 539 1409 lived
561 1350 599 1409 77
617 1370 706 1431 years
735 1349 768 1409 in
796 1347 856 1409 eleis
876 1350 950 1411 eain
971 1349 1035 1411 aad
1052 1349 1218 1431 erertsr'torp

118 1442 233 1519 world,
259 1445 347 1507 mode
376 1444 423 1506 bis
450 1443 509 1507 laet
529 1446 589 1508 erit
609 1446 642 1506 ia
662 1444 709 1507 tte
729 1445 847 1508 Paride
866 1446 903 1530 of
921 1445 966 1509 St.
993 1443 1102 1509 Giles's
1120 1447 1154 1509 ia
1173 1447 1221 1510 tlte

116 1544 240 1620 Fields,
268 1566 344 1608 near
363 1542 512 1620 Londoa,
541 1567 581 1607 oa
603 1544 650 1608 rte
671 1544 781 1629 twelftlr
801 1547 861 1630 day
881 1546 918 1631 os
931 1546 1024 1630 Moy,
1051 1548 1084 1609 ia
1109 1547 1222 1609 cireen

116 1645 258 1708 hundred
277 1646 341 1707 aad
362 1644 452 1729 thirty
464 1644 558 1729 four,
586 1646 651 1707 aad
669 1668 732 1707 was
754 1646 862 1708 burded
882 1647 917 1709 ia
947 1645 994 1709 aa
1010 1647 1093 1729 yord
1112 1668 1152 1708 oa
1174 1646 1221 1709 tlte

116 1744 207 1807 soetlr
228 1744 291 1807 side
312 1743 348 1828 of
362 1743 409 1806 tlte
429 1743 541 1806 cleared
562 1744 598 1828 of
615 1743 660 1807 St.
680 1741 796 1807 Giles.“
837 1742 949 1808 Mores
970 1744 1039 1807 eius
1058 1742 1220 1807 Woodius

115 1846 169 1908 his
191 1842 298 1907 verbis
319 1842 475 1907 delineat:
498 1845 549 1921 ,A
567 1867 681 1929 person
704 1844 834 1929 efferaret
853 1846 996 1909 reverend
1015 1854 1125 1930 espect,
1147 1843 1220 1907 reli-

113 1946 206 2029 qioua
227 1946 291 2007 aad
311 1954 479 2029 temperate,
503 1944 643 2029 qualities
664 1944 765 2029 rorely
780 1946 908 2029 nzeetinq
923 1946 957 2007 ia
971 1969 991 2007 a
999 1949 1103 2030 poet.“
1126 1940 1219 2023 Quae

109 2045 167 2108 ita
188 2043 371 2129 accipienda
392 2065 461 2107 esse
481 2054 570 2127 puto,
591 2055 628 2107 ut
651 2040 857 2127 Cbapmanus
880 2067 899 2107 a
919 2044 1018 2107 feroci
1038 2042 1122 2105 illius
1140 2054 1220 2105 tem·

115 2144 209 2229 poris
221 2157 252 2207 et
271 2141 453 2219 libidinosa,
466 2143 515 2205 eni
527 2141 670 2227 plerique
685 2156 798 2227 poetae
812 2142 1030 2229 indulgebant,
1046 2142 1130 2206 vitae
1145 2164 1221 2206 con-

115 2242 286 2306 suetudine
308 2264 377 2305 sese
399 2240 589 2306 abstinuisse
614 2242 797 2325 amicusque
819 2243 917 2307 fuisse
936 2242 1091 2305 castitatis
1115 2253 1147 2305 et
1167 2264 1220 2305 so·

115 2340 263 2405 brietatis
291 2340 469 2405 credendus
494 2340 545 2404 sit.
583 2340 693 2423 Atque
714 2340 801 2403 idem
822 2341 862 2404 de
883 2364 921 2404 eo
951 2339 1108 2425 Oldysius
1135 2340 1220 2403 iudi-

114 2452 185 2504 cat:
206 2439 392 2527 „Clropruea
408 2441 581 2526 preserved,
604 2441 637 2503 ia
657 2440 706 2503 la's
727 2442 866 2517 conduct,
895 2440 943 2504 the
964 2450 1029 2505 true
1049 2441 1166 2525 eliynity
1186 2440 1226 2526 of

109 2552 231 2628 porey,
254 2540 351 2603 aebielt
372 2539 408 2603 lre
429 2540 591 2625 compared
611 2550 639 2603 te
661 2540 708 2603 tlte
720 2538 829 2625 flewer
850 2540 887 2617 of
903 2541 950 2604 tlte
971 2541 1049 2616 eea,
1072 2540 1135 2603 tlrot
1155 2541 1219 2603 dis-

114 2642 209 2705 (luins
232 2652 259 2703 to
283 2662 359 2726 open
381 2640 419 2701 ite
440 2638 536 2705 leaves
563 2650 591 2702 to
619 2639 666 2703 rte
687 2662 735 2723 eye
757 2639 793 2722 of
809 2663 830 2703 a
850 2640 988 2724 emoliaq
1009 2645 1126 2726 taper.“
1146 2639 1219 2703 Ho-

114 2764 242 2805 merum
258 2740 290 2802 in
305 2739 408 2803 lucem
423 2739 516 2801 edere
532 2738 649 2823 incepit
665 2736 873 2823 Chapmanus
887 2763 971 2804 anno
986 2738 1218 2805 MDXCVIII.

114 2840 352 2925 Duodeviginti
383 2838 474 2902 annis
501 2851 575 2923 post
601 2838 697 2903 editio
726 2840 795 2903 eius
824 2841 921 2904 totius
942 2840 1079 2903 Homeri
1099 2839 1218 2925 publici

113 2941 197 3004 iuris
218 2940 302 3003 faeta
323 2949 381 3003 est.
423 2938 536 3021 Neque
565 2937 669 3001 minus
695 2938 866 3021 Musaeum
892 2939 1092 3022 Hesiodique
1123 2963 1220 3027 opera

114 3054 149 3103 ct
165 3039 277 3103 diesin
289 3040 431 3127 linguam
441 3039 612 3125 Anglieam
626 3039 795 3103 transtulit.
818 3038 928 3123 Atque
943 3040 1073 3103 omnino
1088 3041 1120 3104 in
1132 3043 1219 3105 omui

113 3142 184 3202 fere
205 3162 339 3225 poeseos
360 3162 476 3225 genere
491 3153 636 3204 versatus
651 3152 717 3205 est:
740 3165 815 3204 nam
832 3142 866 3205 in
882 3141 1076 3205 carminibus
1092 3163 1219 3225 quoque

111 3240 226 3323 lyricis
238 3252 270 3303 et
279 3239 395 3304 fabulis
407 3240 538 3305 scenicis
550 3240 789 3305 conscribendis
797 3264 928 3326 operam
940 3241 1105 3305 collocavit
1118 3264 1219 3317 suam,

113 3362 156 3402 ex
180 3338 298 3421 quibus
321 3340 407 3405 „Tae
431 3340 563 3405 Slzedow
583 3342 620 3425 of
637 3342 759 3426 Niplrts
785 3354 816 3404 ct
837 3364 964 3405 carmen
984 3342 1063 3405 illud
1087 3341 1220 3406 funebre

112 3440 150 3502 in
175 3450 312 3503 mortem
332 3438 486 3524 principis
514 3441 553 3503 de
576 3440 687 3503 Wales
715 3442 928 3525 compositum
956 3464 1067 3505 vorum
1093 3456 1220 3526 poetam

117 3538 348 3623 Chapmanum
369 3538 466 3603 fuisse
489 3540 606 3623 optime
628 3540 752 3603 docent.
796 3540 909 3622 Neque
930 3563 1007 3603 vero
1029 3540 1220 3603 idemiudi-

116 3640 186 3702 cari
207 3649 315 3723 potest
335 3638 458 3703 deeius
478 3638 594 3702 fabulis
617 3638 759 3716 scenicis,
782 3663 857 3703 nam
878 3639 949 3702 licet
971 3652 1077 3723 partes
1098 3662 1220 3715 earum,

114 3763 202 3822 quae
222 3740 357 3825 lyricum
379 3741 538 3823 quendam
555 3742 603 3804 vel
618 3743 743 3827 epicum
759 3743 899 3806 colorem
913 3742 1042 3818 habeut,
1057 3742 1220 3827 ingenium

114 3839 281 3925 poeticum
300 3840 450 3925 prodant,
472 3852 577 3905 tamen
592 3840 695 3926 ipsam
710 3842 774 3905 vim
789 3843 998 3905 dramaticum
1014 3880 1053 3887 —
1075 3842 1116 3905 sit
1130 3842 1223 3905 venia
1319 3920 1322 3927 ,

113 3940 277 4005 vocabulo
301 3978 338 3986 —-
361 3952 397 4004 ut
418 3959 658 4023 assequeretur,
686 3942 714 4005 ci
741 3964 805 4013 non
831 3942 973 4027 contigit.
1017 3940 1092 4021 Qua
1119 3942 1158 4005 de
1186 3965 1221 4005 re

113 4040 282 4105 Robertus
313 4038 542 4104 Chambersius
566 4039 601 4102 in
633 4039 878 4125 encyclopacdia
905 4040 1081 4103 litterarum
1105 4040 1222 4127 Angli-

114 4164 232 4205 carum
253 4138 352 4204 verba
372 4139 491 4203 faciens
511 4138 572 4203 hoe
594 4138 691 4203 dicit:
722 4141 888 4203 „Preeioas
911 4152 938 4205 to
960 4141 1034 4217 reis,
1062 4140 1222 4227 Cbepmea

114 4242 183 4305 bad
197 4239 365 4305 translated
371 4250 448 4325 part
460 4239 498 4325 of
514 4238 562 4304 rte
582 4239 670 4303 Iliad
678 4262 690 4314 ,⁶
712 4241 776 4303 aad
796 4241 844 4303 bie
860 4239 1222 4327 loftyfoarteea·syllalle
