3259 5317
640 466 678 530 15

84 660 93 723 ᾗ
128 674 210 739 sotis
231 671 359 748 Italicis,
383 671 438 754 qui
459 681 530 734 aute
551 670 656 754 ipsum
677 669 814 743 fueraut,
836 665 982 752 scriptas,
1006 665 1092 749 quod
1111 665 1213 729 cerui-

127 799 160 839 rr
183 774 215 838 in
244 772 351 836 verbis
373 772 441 836 eius
474 770 574 834 hisco:
608 770 681 847 „inu
708 770 858 831 cadetano
890 768 971 830 <tolle
990 767 1076 830 tuoni
1102 791 1161 853 per
1182 766 1213 828 Io

76 925 81 933 .
125 876 317 961 ιηφιιὶἅεῑεα,
339 873 486 936 tru'oialitd
507 871 701 959 eprolisst'td
723 871 876 938 dcimodi
896 892 911 932 e
933 868 1097 943 detonso,
1123 890 1213 929 scazo
1296 888 1298 894 ’
1348 878 1353 886 “

129 976 237 1039 artare
263 977 321 1061 poi
352 974 432 1037 dello
464 984 651 1037 soerootetta
678 973 728 1035 dei
742 971 887 1057 pensieri.
939 968 984 1033 Or
1005 968 1117 1054 perche
1147 968 1214 1028 moi

120 1087 215 1139 ‘uesta
242 1086 346 1138 nostra
367 1075 472 1137 diuina
495 1072 610 1157 linqua,
633 1072 658 1134 si
681 1072 817 1133 moechia
839 1093 929 1145 urceo,
958 1071 996 1132 ed
1015 1069 1169 1151 eucapiae,
1199 1090 1214 1128 e

118 1176 207 1238 'er-oce
228 1175 260 1236 iu
287 1174 374 1235 boreo
403 1174 437 1235 di
456 1172 577 1247 Dante,
609 1172 704 1234 dovre
732 1169 791 1233 ello
810 1170 899 1255 sarsi
927 1168 986 1231 cosi
1016 1168 1157 1229 obiadata
1178 1166 1215 1228 ed

121 1297 225 1335 tentwa
239 1271 289 1335 ael
302 1271 423 1355 dialopo
443 1272 556 1355 tropico
567 1267 602 1335 2³
616 1318 634 1347 „
643 1271 685 1333 To
707 1292 775 1332 men
798 1268 866 1331 tbua
887 1267 949 1352 oieb
969 1267 1008 1352 of
1025 1266 1072 1329 tbe
1088 1266 1216 1350 lonpurit

114 1396 239 1435 uantum·
261 1373 297 1457 of
306 1373 382 1435 their
401 1374 652 1457 contemporaries
672 1372 888 1456 reppedaess,“
910 1370 979 1432 iure
1002 1368 1121 1452 optimo
1138 1366 1216 1429 dicit

111 1472 332 1559 idacaulaym,
348 1474 484 1550 „neemed
498 1497 517 1535 a
529 1472 631 1535 venial
641 1471 737 1557 fault,
761 1494 797 1533 or
817 1468 1214 1555 ratberapoeitineuterit.“

195 1572 306 1655 Atque
342 1594 427 1635 nuno
458 1571 604 1654 quidem,
638 1570 693 1634 ubi
737 1574 913 1647 oronnam,
950 1573 1051 1649 fonti,
1086 1571 1215 1646 baunari

107 1695 221 1735 mores
243 1682 274 1734 et
294 1671 424 1755 ingenia
446 1692 541 1753 quam
564 1670 760 1735 brevissimis
778 1670 959 1735 describere
975 1683 1006 1732 et
1020 1688 1160 1752 quonam
1181 1669 1213 1731 in

105 1772 225 1835 litteris
246 1770 394 1857 Anglieis
413 1770 510 1856 positi
531 1770 649 1834 fuerint
674 1756 946 1849 locu,'ostender·e
978 1780 1111 1833 conatus
1133 1792 1216 1844 sum,

106 1870 216 1945 adid,
237 1871 324 1953 quod
345 1870 378 1933 in
401 1880 467 1933 toto
489 1870 551 1933 hoo
574 1890 704 1933 munere
726 1869 803 1932 mihi
824 1869 1025 1955 propositum
1047 1880 1105 1944 est,
1129 1890 1218 1931 acee-

106 1974 189 2034 dere
214 1970 304 2047 licet,
337 1971 378 2033 ad
411 1973 658 2049 eompmutioueru
690 1970 761 2033 dico
798 1975 964 2035 vrrstoumn
1002 1974 1216 2035 immeritorum

107 2078 149 2138 ab
187 2076 247 2137 uns
283 2075 377 2136 tribus
412 2076 480 2137 uris
522 2076 757 2149 cumnosItnrum.
808 2070 946 2153 Qua‘in
978 2094 1013 2135 re
1048 2094 1121 2135 eum
1154 2072 1217 2135 alia

108 2172 287 2258 spectanda
309 2171 380 2249 sint,
404 2184 472 2236 tum
494 2171 555 2235 tria
576 2173 673 2257 digna
699 2170 775 2235 mihi
804 2172 952 2235 videntur
980 2194 1060 2249 osse,
1083 2172 1123 2235 de
1145 2172 1216 2255 qui-

107 2274 175 2337 bus
197 2272 292 2357 paulo
315 2273 493 2335 accuratius
515 2294 552 2336 ao
572 2270 717 2335 subtilius
733 2272 921 2357 disputetur.
963 2272 1110 2337 Primum
1132 2273 1217 2336 enim

109 2376 152 2437 de
178 2377 309 2455 ortano,
338 2373 451 2437 deinde
480 2374 519 2437 de
546 2377 663 2438 ratione
688 2377 718 2437 ln
743 2377 874 2438 versibus
896 2378 1054 2438 reintrudis
1075 2377 1217 2448 tentata,

109 2474 209 2537 tertio
238 2472 375 2557 denique
396 2474 466 2539 loco
489 2474 529 2537 de
553 2478 669 2539 dicendi
692 2496 815 2555 genere,
839 2476 958 2558 quoin
980 2475 1133 2539 vertendo
1155 2476 1217 2539 viri

108 2573 157 2636 illi
181 2572 231 2636 usi
256 2573 334 2649 sint,
358 2573 578 2638 disserendum
600 2596 669 2638 esse
692 2573 842 2637 arbitror.

198 2673 345 2738 Primum
376 2674 474 2759 igitur
505 2675 545 2737 de
579 2679 692 2757 origine
725 2673 851 2739 illarum
888 2678 1051 2740 versionum
1083 2695 1218 2757 quaeru-

110 2795 209 2849 mus,
238 2773 270 2835 h.
301 2794 328 2836 e.
357 2773 473 2856 quibus
494 2776 694 2859 potissimum
722 2774 819 2839 rebus
846 2775 1064 2858 unusquisque
1092 2796 1131 2837 ex
1155 2772 1217 2836 iltis

109 2872 219 2937 tribus
238 2872 340 2957 poetis
363 2872 404 2935 ad
426 2872 605 2937 Homerum
627 2873 814 2938 vertendum
836 2887 1013 2939 commotus
1036 2874 1087 2951 sit,
1109 2873 1218 2936 videa-

110 2994 199 3035 mus.
231 2972 282 3036 Ac
303 2973 446 3057 profecto
467 2983 513 3050 ut,
537 2972 563 3037 si
585 2974 656 3056 quis
677 2975 761 3037 vitae
785 2974 949 3037 cuiusdam
965 2972 1026 3035 viri
1047 2960 1217 3057 imaginem

111 3070 296 3155 exprimere
317 3070 412 3148 volet,
434 3071 462 3136 is
488 3094 595 3137 amore
624 3086 654 3137 et
682 3074 786 3137 studio
809 3073 904 3137 huius
933 3072 979 3136 rei
1006 3072 1220 3136 inflammatus

112 3174 158 3236 sit
174 3193 302 3236 necesse
317 3173 387 3249 erit,
409 3172 453 3235 ita
473 3172 501 3237 is
524 3196 663 3257 quoque,
686 3174 740 3257 qui
763 3174 949 3258 scriptorem
965 3175 1125 3257 quendam
1147 3174 1223 3237 alir-

111 3294 195 3335 num
217 3270 249 3333 in
272 3294 363 3335 suam
384 3272 526 3357 linguam
547 3276 718 3339 transferre
746 3272 889 3355 conatur,
917 3275 1013 3340 huius
1039 3275 1086 3340 rei
1112 3275 1218 3339 studio

112 3394 153 3434 ac
177 3368 338 3434 voluntate
359 3381 503 3435 teneatur
524 3383 659 3457 oportet,
677 3373 814 3438 simodo
836 3374 966 3460 dignam
989 3375 1091 3438 alieno
1112 3396 1220 3438 exem·

112 3469 200 3555 plari
221 3469 393 3555 imaginem
412 3493 580 3555 procreare
602 3472 680 3536 vult.

204 3568 313 3654 Atque
338 3571 412 3635 huic
438 3571 567 3655 quidem
588 3572 645 3649 rei,
669 3594 750 3655 quae
771 3576 951 3639 necessario
977 3598 997 3638 a
1021 3594 1149 3659 quoque
1170 3571 1220 3635 in-

114 3684 256 3757 terprete
287 3671 442 3757 postulari
470 3673 579 3751 debet,
614 3672 700 3739 solus
733 3678 910 3757 onapnsnus
942 3675 1103 3740 satisfecit.
1154 3671 1219 3739 Sed

112 3772 214 3836 huius
235 3784 347 3859 poetae
370 3770 487 3838 Graeci
509 3796 600 3838 annor
621 3786 652 3838 et
673 3776 825 3852 studium,
856 3800 929 3841 eum
955 3778 1021 3840 fere
1047 3774 1220 3861 lymphati·

114 3895 193 3937 cum
213 3873 321 3936 vocari
342 3873 454 3958 possit,
476 3874 583 3939 nescio
605 3898 646 3938 un
668 3875 770 3961 magis
790 3876 987 3939 laudandum
1002 3898 1098 3958 quam
1114 3874 1220 3958 aliqua

114 3996 158 4035 ex
180 3982 270 4056 parto
291 3972 587 4057 reprehendendum
611 3974 661 4038 sit.
704 3974 741 4039 In
767 3976 963 4060 praefatione
990 3976 1031 4038 ad
1057 3975 1219 4050 lectorem,

114 4072 192 4159 „Of
207 4072 253 4136 att
273 4073 395 4150 booksf‘
409 4073 524 4157 inquit,
539 4086 661 4152 „autaut
681 4077 715 4139 ia
736 4074 780 4137 att
801 4076 891 4139 kinds
902 4076 1019 4139 Homer
1036 4078 1070 4138 iu
1088 4076 1135 4139 tte
1146 4077 1220 4163 first
1243 4094 1248 4101 ·

115 4174 184 4237 aad
211 4173 302 4237 beet.“
345 4171 496 4237 Ostendit
522 4195 650 4257 quoque
677 4174 811 4238 nimium
837 4175 905 4239 eius
934 4174 1030 4238 animi
1062 4176 1220 4239 fervorem

114 4275 209 4337 locus
230 4271 264 4335 iu
285 4271 419 4357 epistola
440 4273 635 4338 dedicatoria
654 4276 723 4353 „To
750 4276 815 4339 Tne
835 4275 924 4362 tht
944 4276 1036 4339 Bonan
1055 4276 1168 4343 Pana
1189 4274 1226 4359 of
