3259 5317
413 630 527 698 studiis
541 632 574 697 in
588 634 733 699 Homero
755 635 909 699 vertendo
931 633 1092 699 collocatis
1113 635 1177 698 iam
1199 634 1423 699 disserendum
1444 632 1521 698 erit.

413 732 463 797 Ao
477 734 616 818 primum
632 734 772 815 quidem,
793 745 831 797 ut
852 746 936 798 reete
956 734 1091 799 iudicari
1106 735 1218 819 possit,
1233 748 1391 818 quatenus
1408 733 1521 800 Grac-

411 857 483 897 cum
509 833 670 919 exemplar
696 835 849 899 vertendo
879 836 1014 898 assecuti
1044 836 1120 912 sint,
1149 847 1258 912 antea,
1287 859 1345 919 qno
1372 840 1442 901 laco
1471 841 1519 900 iili

410 938 463 999 riri
486 938 516 999 in
541 938 650 1000 litteris
675 938 796 1017 Anglicis
816 939 905 1017 positi
932 940 1061 1016 fuerint,
1089 936 1200 1019 paucis
1226 926 1437 1000 adumbretur
1458 960 1518 999 nc-

410 1056 497 1098 cesse
519 1048 576 1098 est.

492 1134 545 1199 De
567 1138 720 1217 Chapmani
741 1134 825 1197 vitae
847 1135 1082 1200 conditionibus
1105 1159 1187 1220 quae
1207 1137 1380 1200 memoriae
1394 1136 1517 1199 tradita

409 1244 483 1297 sunt
508 1273 547 1280 -
574 1247 606 1297 et
630 1257 731 1319 parva
757 1234 887 1317 quidem
912 1235 1025 1297 notitia
1054 1236 1095 1297 ad
1122 1258 1181 1299 nos
1206 1238 1352 1321 pervenit
1379 1274 1419 1283 -
1447 1260 1513 1299 non

412 1335 569 1418 integram
583 1334 678 1396 fidem
700 1332 829 1409 habent,
852 1357 927 1395 nam
943 1334 1042 1397 multa
1057 1357 1096 1397 ex
1111 1334 1156 1397 eis
1170 1335 1348 1399 fabularum
1364 1336 1513 1398 fictarum

410 1434 547 1517 speeiem
569 1456 645 1519 prae
669 1455 701 1495 se
723 1434 845 1509 ferunt,
871 1433 915 1495 ita
941 1445 977 1497 ut
1002 1434 1087 1497 idem
1108 1434 1182 1497 huie
1201 1449 1314 1518 poetae
1338 1435 1513 1520 contigisse

409 1532 574 1595 videamus
602 1532 689 1614 quod
719 1529 936 1616 Shaksperio:
970 1534 1060 1596 utin
1083 1534 1339 1611 narratiunculis,
1366 1557 1450 1617 quae
1472 1536 1512 1597 do

408 1636 476 1695 cius
503 1632 568 1695 vito
601 1646 784 1708 versantur,
812 1646 991 1696 commenta
1027 1656 1099 1696 eum
1126 1634 1210 1697 voris
1238 1635 1409 1698 commixta
1437 1636 1510 1698 sint.

422 1730 519 1811 Quod
542 1734 670 1795 omnino
693 1734 758 1795 fcre
784 1732 910 1795 evenire
933 1732 1022 1808 solet,
1043 1732 1100 1795 ubi
1121 1756 1169 1809 ca,
1198 1756 1279 1816 quae
1305 1734 1346 1798 ab
1378 1735 1513 1798 historia

410 1832 527 1896 tradita
543 1844 626 1908 sunt,
642 1855 705 1895 non
729 1831 889 1895 sufficiunt
916 1834 957 1895 ad
977 1856 1148 1917 porsonam
1170 1834 1331 1916 quandam
1354 1836 1431 1898 satis
1454 1836 1510 1898 dc-

407 1933 611 2018 pingentiam.
639 1932 743 1995 Natus
765 1944 813 1995 est.
829 1930 991 2016 Georgius
1009 1930 1225 2017 Chapmanus
1248 1932 1392 1997 Antonio
1405 1932 1511 1998 Woo-

408 2034 461 2095 dio
485 2040 623 2108 auctore,
648 2056 730 2095 anno
746 2032 929 2108 MDLVII,
952 2032 1004 2095 alii
1024 2054 1100 2095 vero
1121 2033 1309 2115 nescioquo
1326 2035 1511 2098 testimonio

407 2131 468 2195 nisi
496 2154 579 2195 amm
606 2130 764 2219 MDLIX
790 2131 929 2215 primam
959 2130 1062 2193 lucem
1087 2154 1160 2194 eum
1193 2133 1396 2217 conspexisse
1432 2158 1511 2198 con-

408 2233 556 2307 tendunt,
578 2232 609 2295 in
634 2232 720 2307 vico,
742 2244 779 2293 ut
799 2231 937 2306 videtur,
961 2232 1128 2315 „Jlitctiny
1152 2233 1254 2307 [litat
1275 2256 1356 2315 quae
1379 2235 1511 2317 quidem

411 2333 593 2397 coniectura
625 2332 698 2394 inde
721 2334 841 2395 fontem
863 2332 970 2407 ducit,
998 2332 1086 2413 clitod
1110 2330 1317 2415 Chapmanus
1342 2332 1382 2396 ab
1405 2337 1510 2399 amico

408 2432 450 2499 G.
473 2431 626 2498 Brownio
647 2432 680 2494 in
702 2432 770 2494 eius
795 2432 1008 2493 „Britannias
1028 2432 1210 2495 Pastorala“

546 2534 634 2609 „Tlae
656 2532 779 2595 Icariaed
799 2532 949 2616 clrcpltcrd
969 2531 1084 2615 affair
1104 2532 1252 2616 Hitolrinp
1272 2532 1371 2595 ΗΜ(

407 2633 591 2719 appellntur.
636 2629 724 2711 Quid
746 2632 779 2694 in
800 2631 937 2716 pueritia
958 2631 1076 2715 egerit,
1105 2654 1170 2713 qua
1195 2633 1317 2697 ratione
1343 2634 1510 2699 institutus

391 2733 516 2821 ¹fuerit,
546 2753 680 2817 prorsus
707 2731 883 2807 nescimus3
915 2732 949 2795 id
981 2743 1103 2795 tantum
1129 2754 1188 2816 pro
1211 2747 1374 2819 comperto
1395 2735 1509 2799 haberi

405 2832 489 2909 lieet,
511 2830 640 2895 iuvenili
662 2840 763 2893 aetate
785 2852 858 2892 eum
880 2826 1119 2895 universitatem
1141 2832 1317 2896 litterarum
1341 2832 1509 2899 Oxonicn-

407 2955 473 2995 sem
496 2932 632 3008 adiisse,
659 2929 715 2995 ubi
738 2952 801 3013 quo
824 2932 920 2994 modo
943 2931 1041 2994 vitam
1063 2932 1187 3016 degerit
1208 2932 1270 2995 Th.
1290 2932 1470 3000 Wartonus
1486 2943 1508 3019 ¹)

406 3034 484 3096 haee
505 3042 637 3093 narrat:
667 3030 736 3092 „He
751 3032 868 3115 passed
887 3032 979 3093 about
1004 3041 1060 3093 two
1077 3054 1168 3115 peace
1189 3042 1221 3094 at
1246 3033 1364 3119 Trinity
1390 3034 1510 3121 Collegae

408 3134 442 3194 ia
468 3130 596 3216 offoca,
618 3129 691 3193 wira
712 3152 732 3191 a
755 3140 901 3215 contempt
922 3131 1171 3217 ofphiloaophy,
1195 3135 1248 3196 but
1267 3136 1300 3196 iu
1320 3158 1340 3197 a
1362 3134 1439 3198 alosa
1460 3148 1509 3198 at-

406 3232 517 3295 tention
538 3241 566 3293 to
589 3229 635 3293 tlra
660 3226 846 3293 Gratiana
869 3232 995 3294 Roman
1019 3231 1151 3294 classes.
1194 3232 1335 3317 Leaeinp
1362 3234 1409 3297 tlte
1435 3238 1507 3298 cani-

405 3331 517 3414 eeroity
542 3330 634 3392 about
657 3330 749 3406 1576,
779 3329 814 3393 lte
840 3354 932 3394 seems
961 3342 988 3395 to
1016 3332 1091 3395 leave
1110 3334 1181 3396 bem
1202 3332 1250 3396 ted
1269 3344 1297 3397 to
1318 3334 1451 3397 Loadoa
1474 3339 1507 3398 in

406 3430 454 3493 tlte
475 3430 629 3493 character
648 3430 720 3514 afa
740 3435 846 3516 poet.“
885 3429 1030 3493 Londini
1056 3431 1132 3495 dum
1160 3431 1240 3494 vivit
1265 3432 1404 3495 amicitia
1430 3455 1508 3497 con-

391 3517 531 3592 iunctus
554 3538 620 3591 erat
643 3550 715 3591 cum
737 3528 944 3613 Sheksperio,
960 3527 1131 3614 Spensem,
1147 3530 1327 3609 Menenio,
1343 3532 1412 3595 Bon
1423 3532 1507 3597 Jon-

408 3650 499 3704 sone‚
527 3626 662 3693 Daniele
692 3628 825 3711 aliisque
852 3628 946 3691 elaris
972 3630 1050 3693 viris
1077 3653 1137 3695 noo
1163 3655 1229 3696 non
1248 3634 1391 3697 favorem
1413 3631 1507 3696 Wal-

406 3725 579 3813 singhami‚
608 3726 670 3791 viri
698 3727 835 3791 civitatis
855 3729 1015 3812 gerendae
1035 3729 1234 3814 peritissimi,
1261 3744 1425 3798 assecutus
1448 3746 1506 3797 cst.

404 3826 547 3892 Maxime
569 3837 675 3889 autem
698 3827 727 3889 ci
747 3828 827 3891 favit
847 3827 1019 3905 Hannone,
1034 3822 1183 3915 princeps
1205 3832 1245 3895 de
1269 3830 1390 3908 wales,
1412 3854 1506 3915 quem

406 3948 490 3991 anno
511 3924 685 3992 MDCXII
706 3938 868 3991 mortuum
889 3928 922 3991 in
945 3929 1095 4007 carmine,
1113 3930 1164 3994 cui
1186 3930 1313 3995 titulum
1334 3931 1505 4017 imposuit:

442 4166 449 4175 “
471 4162 499 4226 1)
523 4160 574 4211 'Hae
590 4160 694 4226 Ilistory
713 4162 743 4224 of
754 4160 858 4227 Enyttst
876 4162 982 4228 Poatms,
999 4164 1071 4227 fram
1094 4164 1132 4213 tte
1152 4163 1222 4214 Clare
1247 4168 1279 4229 ff
1291 4166 1328 4215 the
1345 4167 1462 4217 Elea-ont
1482 4179 1506 4217 ta

406 4244 443 4293 the
464 4244 665 4293 Commencemeat
683 4244 713 4307 of
726 4244 763 4293 tha
780 4244 923 4309 Er'ylrteeatlr
944 4247 1056 4310 Centurp.
