3259 5317
602 432 701 526 n

98 652 167 694 ever
188 631 253 717 they
273 632 368 716 mepta
390 632 464 695 leave
485 632 616 718 diffused
642 631 689 694 bie
710 652 818 707 nanae,
845 630 908 693 bad
933 631 1115 715 raude-very
1130 629 1206 693 ‘little

99 730 239 795 addition
258 742 288 795 to
310 731 506 811 laiefortnne.
543 731 605 795 dne
626 731 788 795 albacara
809 730 907 793 abiob
929 730 978 792 liin
988 729 1097 814 fadaer
1116 731 1205 792 maele

98 830 175 905 bina,
198 818 310 913 tboupb
326 832 549 917 proportioned
569 841 597 893 to
619 830 756 893 arbetio
778 828 850 905 bad,
874 831 899 891 it
918 830 1013 913 mipbt
1034 829 1069 892 be
1085 826 1203 903 liberal,

99 928 190 991 could
209 940 261 992 not
282 930 316 993 be
338 928 437 1014 lnrpm
467 929 515 992 leia
540 928 670 1013 religion
700 927 846 993 ltindored
863 927 928 990 tim
939 928 1029 1012 from
1049 928 1097 991 tie
1118 950 1204 991 occa

95 1030 205 1114 pation
235 1030 271 1116 of
292 1053 352 1114 arip
376 1030 448 1093 civil
474 1029 685 1115 emplopnrent3
713 1029 778 1091 and
803 1028 839 1121 be
864 1027 1055 1113 eompioined
1080 1028 1144 1090 that
1168 1028 1205 1091 lie

100 1132 219 1193 wanted
244 1152 314 1193 even
338 1152 444 1214 money
473 1140 501 1194 to
526 1130 584 1213 buy
617 1129 715 1193 books.
759 1128 810 1191 He
831 1127 978 1214 therefore
1009 1127 1144 1192 resoloed
1175 1139 1204 1191 to

101 1242 146 1315 trp
174 1221 240 1293 lione
254 1233 315 1315 fer
335 1230 382 1293 tta
394 1229 512 1315 favour
533 1230 569 1313 of
586 1228 756 1315 reipublic
781 1228 933 1303 entended,
954 1228 992 1311 oy
1010 1227 1161 1312 solicitinp
1182 1252 1202 1291 a
1255 1246 1260 1253 '

98 1332 302 1416 arrbsorn'ption
323 1340 351 1392 to
372 1353 393 1393 a
413 1331 533 1393 eeraion
554 1328 654 1415 ostia
674 1328 762 1391 Iliad
782 1328 854 1391 witti
876 1327 960 1412 lorpe
984 1334 1098 1392 ηοίεεέί
1139 1327 1202 1391 At·
1235 1389 1237 1392 ,

102 1452 164 1512 que
185 1429 308 1515 Popius
330 1428 416 1512 quod
439 1449 549 1493 secure
571 1440 603 1493 et
624 1427 665 1491 ad
681 1446 773 1491 suum
789 1426 957 1492 arbitrium
978 1427 1086 1493 vivere
1106 1441 1201 1514 potu-

101 1528 189 1604 isset,
211 1527 245 1591 id
278 1551 311 1592 se
344 1528 402 1591 soli
434 1527 579 1591 Homero
615 1524 731 1592 debere
763 1537 875 1611 postea
906 1526 975 1611 ipse
1007 1528 1112 1591 fassus
1144 1539 1202 1591 est.

100 1626 210 1707 Quare
230 1628 299 1691 fieri
319 1649 384 1691 nou
404 1626 509 1713 potuit
530 1626 607 1710 quin
628 1618 704 1689 vero
719 1625 840 1689 laboris
855 1625 904 1689 sui
920 1626 1026 1690 studio
1048 1639 1080 1691 et
1094 1650 1203 1691 amore

99 1738 232 1805 careret,
255 1729 342 1812 quod
368 1751 406 1793 ex
437 1727 603 1792 Iohnsonii
634 1726 721 1790 hisee
754 1726 861 1789 verbis
894 1723 1043 1812 apparet:
1085 1728 1201 1815 ,Popa

99 1830 212 1915 lraoinp
233 1853 301 1893 now
323 1830 441 1893 omitted
462 1829 511 1891 leia
533 1826 711 1915 proposals,
738 1828 802 1889 and
826 1829 962 1912 enpaped
986 1838 1039 1891 not
1063 1828 1133 1913 only
1155 1829 1202 1892 leis

98 1953 165 1992 oren
187 1921 367 2015 reputatione,
391 1929 442 1991 bnt
463 1929 496 1991 in
522 1950 602 1992 sonte
634 1928 737 2011 depree
770 1927 834 1990 atat
864 1927 901 2012 os
923 1927 971 1990 laic
983 1928 1109 2012 friends
1135 1930 1202 1993 eobo

95 2029 278 2113 patronized
298 2028 346 2091 tte
368 2029 580 2113 subscription,
610 2028 706 2111 bepnn
742 2038 770 2089 to
796 2028 832 2091 be
853 2028 987 2113 fripbted
1013 2040 1045 2091 ot
1067 2029 1115 2092 bia
1136 2054 1202 2093 onon

98 2128 309 2212 anderteloinp,
332 2129 396 2190 and
403 2128 529 2215 findinp
550 2128 675 2212 himself
691 2138 722 2189 at
732 2116 807 2214 first
821 2129 1014 2196 embaraaeed
1026 2128 1099 2191 aton
1119 2130 1201 2217 dissi-

99 2229 212 2305 celtice,
234 2228 331 2291 colried
352 2228 492 2291 retarded
512 2228 576 2291 und
597 2229 760 2313 oppressed
780 2227 854 2304 eim,
881 2227 918 2291 be
937 2251 1001 2289 roua
1012 2227 1072 2312 for
1091 2252 1113 2291 a
1133 2231 1202 2292 time
1285 2284 1289 2289 .

98 2332 245 2392 timorona
266 2328 330 2391 ond
349 2350 471 2411 aneon,
501 2327 564 2391 bad
584 2327 632 2391 laia
653 2328 753 2413 niplds
786 2328 942 2391 disturbed
970 2328 1007 2412 by
1028 2328 1149 2392 dreama
1170 2330 1208 2415 of

98 2430 170 2513 Ionp
184 2429 330 2515 joanneye
352 2427 481 2511 ibroupb
500 2426 651 2489 unknown
672 2450 764 2511 coepe,
786 2428 851 2490 and
869 2427 993 2503 wished,
1015 2451 1050 2491 aa
1065 2428 1101 2491 lte
1121 2430 1200 2502 said,

97 2529 183 2604 „ibat
204 2527 360 2611 eonnebody
386 2526 487 2589 would
512 2526 594 2611 lannp
625 2526 745 2588 bim.““
786 2524 863 2593 Solo
886 2538 1020 2609 quaestu
1046 2549 1142 2610 quem
1162 2550 1201 2592 ex

96 2628 206 2691 labore
229 2649 288 2692 suo
310 2626 371 2689 sibi
392 2626 644 2689 redundaturum
673 2648 742 2689 esse
771 2626 930 2711 sperabat,
958 2628 998 2691 ad
1020 2626 1200 2693 Homerum

96 2727 286 2791 vertendum
308 2747 381 2788 eum
402 2724 574 2809 impulsum
601 2724 712 2801 fuisse,
743 2725 919 2791 luculenter
946 2749 1075 2811 quoque
1106 2752 1145 2792 ea
1166 2726 1200 2793 rc

98 2828 250 2902 cernitur,
274 2824 360 2908 quod
383 2846 455 2888 cum
477 2824 518 2887 ad
534 2821 716 2909 Odysseam
736 2826 922 2889 vertendam
941 2826 1023 2890 duos
1038 2828 1200 2892 adiutores

98 2928 159 2993 sibi
186 2926 361 3001 ascivisset,
390 2925 440 2989 his
472 2924 620 3009 exiguam
653 2935 774 2987 tantum
813 2926 1028 2990 mercedulam
1049 2928 1199 3006 reddidit,

98 3027 158 3091 sibi
178 3027 240 3113 ipsi
261 3042 366 3093 autem
389 3026 559 3091 maximam
581 3039 731 3110 quaestus
754 3036 877 3111 partem
892 3026 1075 3093 vindicavit.
1096 3029 1199 3094 Iobu-

97 3127 207 3191 souius
225 3129 342 3211 ¹)‚„In
364 3128 410 3191 the
427 3133 565 3214 patent‚“
590 3126 704 3210 inquit,
726 3128 867 3205 „instead
894 3127 930 3213 of
946 3130 1054 3214 sapinp
1080 3131 1143 3193 tliat
1165 3132 1200 3195 be
1257 3162 1260 3165 ⁴

97 3228 161 3289 lind
180 3228 387 3304 ,trunabrted“
408 3228 455 3291 tlte
481 3226 623 3311 Odyssey,
642 3250 677 3289 aa
698 3226 734 3291 lie
756 3227 820 3289 tired
840 3229 910 3290 aeid
928 3228 965 3312 of
981 3229 1028 3292 tle
1045 3231 1142 3307 Iliad,
1165 3232 1200 3294 lte
1314 3248 1317 3255 '

96 3351 176 3412 scopa,
199 3328 261 3390 that
283 3328 318 3391 Ite
337 3328 401 3391 lead
419 3327 643 3405 „undertakeffl
665 3350 684 3389 a
706 3326 919 3389 tentaturam

179 3432 331 3511 bonporus
352 3426 467 3490 deinde
499 3425 680 3489 Homerum
713 3446 751 3489 eo
783 3426 890 3489 animo
920 3437 1042 3489 vertere
1068 3425 1196 3511 incepit,

96 3536 133 3588 ut
153 3526 214 3589 hae
234 3549 269 3591 re
291 3526 383 3611 quasi
411 3525 570 3589 medicina
598 3524 695 3587 animi
722 3512 774 3587 'sui
797 3524 1070 3609 perturbationem
1093 3524 1199 3588 suble-

96 3638 196 3690 varet.
238 3627 392 3691 Attamen
422 3624 583 3689 interdum
606 3646 639 3688 se
671 3624 739 3709 ipse
772 3635 911 3700 accusat,
942 3624 1029 3707 quod
1056 3624 1222 3712 laborem‘

97 3727 273 3812 susceperit
304 3724 508 3812 opinionibus
541 3724 606 3789 suis
639 3724 679 3787 de
710 3722 808 3787 rebus
841 3723 957 3787 divinis
988 3724 1198 3802 nullomodo
1247 3806 1250 3811 Ι

96 3820 345 3891 convenientem.
407 3826 450 3890 Ei
483 3848 611 3909 quoque
645 3825 678 3887 in
714 3824 860 3887 Homero
891 3826 1045 3888 vertendo
1081 3826 1199 3889 multae

97 3925 297 3990 difficultates
329 3926 478 3991 videntur
509 3914 696 3989 occurrisse.
738 3924 890 4006 Denique
914 3924 1083 3987 nonnullos
1111 3925 1198 3989 locos

97 4048 136 4089 cx
157 4024 225 4089 eius
247 4025 389 4112 epistolis
416 4026 601 4109 desumptas
631 4024 761 4088 afferam
784 4022 888 4099 liceat,
911 4023 1028 4106 quibus
1055 4024 1089 4089 id
1111 4015 1197 4108 quod

165 4246 191 4309 l)
210 4245 287 4295 Lines
305 4246 334 4309 os
352 4244 389 4294 tlte
407 4244 510 4309 Errplisb
528 4245 609 4295 Poeta.
