3259 5317
937 438 956 499 8

364 689 365 692 ,
395 635 547 699 renewedl
599 634 649 700 We
670 648 751 701 want
772 636 819 700 tlte
839 637 1041 709 minaaelou33
1067 636 1113 700 tlte
1131 636 1237 720 beaatp
1257 636 1356 699 atat
1376 660 1423 701 ene
1447 660 1522 699 can

393 735 600 820 manufactum
621 746 653 799 ot
673 759 712 799 no
733 735 803 799 enill
822 776 864 785 -
886 760 943 799 ean
963 736 1032 821 piae
1051 758 1092 799 no
1113 747 1237 799 caecant
1258 736 1309 820 of5
1328 735 1377 801 tlte
1393 738 1521 820 beautp

394 834 431 915 os
445 834 543 897 wlticle
569 833 704 899 Cbaacer
725 837 789 899 aad
813 834 1006 922 Cleopman
1028 835 1091 898 aad
1110 836 1158 899 tlte
1178 836 1308 900 secretl“

475 931 579 997 Venio
590 956 674 998 nunc
686 934 726 999 ad
738 938 928 1000 Alexandrum
939 937 1156 1016 Popluu,anno
1168 931 1520 999 MDCLXXXVIII

391 1030 535 1095 Londiui
555 1044 675 1097 natum.
711 1032 812 1098 Cuius
835 1057 908 1098 cum
929 1033 1075 1097 educatio
1097 1033 1204 1097 multis
1226 1031 1323 1097 rebus
1345 1032 1513 1097 adversis

392 1129 614 1215 impediretur,
632 1132 751 1217 ingenii
773 1134 903 1197 demum
923 1132 955 1196 vi
977 1145 1008 1196 et
1029 1155 1094 1217 quo
1108 1133 1265 1219 flagrabat
1280 1134 1432 1197 discendi
1446 1134 1520 1197 de-

394 1232 511 1295 siderio
532 1233 652 1297 factum
673 1246 737 1311 est,
762 1245 799 1298 ut
824 1235 1002 1298 litterarum
1030 1235 1161 1299 scientia
1188 1235 1265 1299 satis
1286 1234 1514 1298 imbueretur.

392 1330 640 1398 Vniversitatem
662 1335 759 1398 ullam
779 1336 957 1399 litterarum
978 1335 1066 1399 adire
1084 1336 1115 1399 ei
1133 1358 1199 1399 non
1214 1357 1406 1399 concessum
1432 1336 1517 1409 fuit,

395 1455 468 1497 aum
487 1434 583 1527 fidem
605 1435 791 1499 catholicam
812 1436 1024 1523 profiteretur.
1066 1436 1120 1499 De
1146 1435 1259 1520 primis
1288 1434 1357 1499 eius
1379 1435 1516 1499 carmi-

394 1532 490 1598 nibus
512 1532 654 1599 iudicare
674 1537 910 1620 praetermitte,
932 1558 1006 1600 cum
1028 1536 1184 1621 elegantia
1204 1536 1329 1621 poetica
1348 1536 1384 1599 in
1419 1537 1516 1599 „Es-

394 1658 448 1720 say
462 1658 502 1701 on
518 1634 690 1701 Onticisffl
710 1638 840 1702 demum
860 1651 1022 1723 appareat.
1057 1635 1131 1718 Qua
1150 1638 1184 1702 in
1199 1660 1234 1701 re
1247 1637 1280 1701 id
1295 1636 1515 1722 potissimum

394 1734 559 1813 miramur,
582 1737 670 1819 quod
691 1736 752 1802 hoc
773 1760 916 1815 carmen,
939 1760 1003 1821 quo
1025 1741 1177 1821 quantam
1197 1737 1261 1801 iam
1284 1738 1325 1800 ad
1346 1735 1454 1800 animi
1476 1750 1515 1797 et

393 1833 502 1898 iudicii
524 1835 739 1899 maturitatem
758 1838 950 1923 pervenerit,
966 1837 1084 1921 optime
1098 1836 1300 1927 perspicitur,
1316 1857 1400 1898 anno
1413 1835 1512 1898 vitae

392 1933 629 1998 undevicesimo
650 1934 733 1998 fecit.
777 1934 844 2001 Sed
867 1938 1022 2000 maiorem
1046 1935 1143 1999 etiam
1165 1935 1316 1998 virtutem
1336 1934 1511 2018 poeticam

394 2033 502 2118 prodit
525 2054 653 2097 carmen
672 2034 760 2111 ,Tha
780 2036 871 2121 Rape
891 2036 928 2119 of
944 2037 991 2100 the
1011 2036 1118 2100 Loale“
1141 2034 1346 2119 inscriptum,
1368 2034 1409 2096 de
1435 2056 1508 2115 quo

395 2131 437 2198 G.
460 2130 655 2218 Spaldingus
674 2132 709 2197 in
729 2134 974 2218 historiaquam
989 2134 1177 2219 conscripsit
1192 2134 1370 2197 litterarum
1381 2130 1510 2217 Angli-

396 2255 505 2296 carum
527 2233 589 2297 hoc
610 2232 743 2296 iudicat:
765 2234 819 2311 „It
838 2235 866 2297 ia
887 2235 934 2299 tte
954 2236 1016 2299 beat
1036 2235 1074 2320 of
1097 2235 1143 2297 att
1160 2233 1362 2298 moab-beroia
1376 2255 1508 2318 poetria,

395 2334 459 2395 ared
479 2332 707 2419 incomparably
728 2334 844 2419 beyond
864 2335 946 2399 tltoae
976 2337 1014 2422 of
1040 2336 1170 2399 Tasaone'
1195 2336 1260 2397 and
1283 2332 1437 2408 Boileaa,
1468 2335 1511 2394 its

393 2432 512 2495 Italian
533 2433 597 2495 and
614 2432 734 2496 Frenalt
756 2433 878 2499 medela.
920 2434 982 2498 tte
1004 2434 1143 2519 sbarpest
1161 2435 1223 2510 tait,
1244 2433 1291 2497 tlte
1306 2433 1420 2495 keenest
1435 2433 1509 2494 dia-

394 2533 502 2595 section
524 2532 562 2629 of
577 2532 625 2596 tte
636 2532 744 2617 follirs
766 2532 1007 2617 fffasbionable
1029 2532 1091 2618 life,
1114 2534 1160 2597 tlte
1173 2536 1268 2621 flereat
1279 2554 1370 2617 praee
1384 2530 1421 2616 of
1432 2532 1505 2593 dic-

393 2632 471 2707 te'on,
498 2632 563 2693 and
587 2630 634 2693 tlte
659 2631 761 2716 aeftest
783 2631 858 2717 floro
880 2632 917 2717 of
938 2632 1069 2717 neelodp,
1102 2655 1183 2697 come
1210 2629 1442 2718 appropriatelp
1475 2641 1505 2693 to

393 2730 492 2792 adom
506 2752 534 2801 ¹a
555 2729 613 2793 tale
634 2730 668 2792 in
688 2728 786 2793 redich
812 2753 856 2793 are
881 2730 966 2794 leuen
988 2731 1054 2795 ltow
1075 2756 1095 2794 a
1106 2734 1173 2819 fine
1191 2731 1361 2816 peniteman
1382 2729 1461 2793 stole
1483 2755 1505 2791 a

395 2829 459 2892 locle
480 2828 553 2918 ffa
575 2830 670 2913 ladp'a
698 2829 777 2893 bair,
821 2830 897 2893 And
923 2830 971 2895 tlte
994 2854 1055 2917 pap
1079 2831 1215 2915 mockeny
1242 2830 1279 2915 of
1301 2830 1417 2891 lacman
1451 2829 1507 2914 life

394 2930 459 2993 ancl
484 2930 583 2991 aetion
614 2930 642 2993 ia
669 2930 861 3006 interwooen,
890 2932 924 2992 e'n
951 2930 998 2995 the
1015 2930 1167 3015 fantastic
1180 2930 1291 3012 freaks
1316 2928 1353 3013 of
1373 2928 1421 2991 tlte
1452 2930 1506 2991 be-

393 3030 521 3113 nipnant
542 3028 645 3114 aylplm
667 3032 730 3091 and
749 3030 945 3114 maleaodmtp
959 3052 1071 3105 notae-a,
1093 3030 1165 3092 witb
1186 3054 1207 3091 a
1216 3030 1348 3115 parnay,
1371 3038 1422 3090 not
1439 3028 1501 3090 lesa

363 3136 364 3140 ’
389 3128 542 3213 pleasant,
565 3126 601 3212 cs
617 3127 664 3191 tlte
685 3128 901 3214 supernataret
921 3130 1088 3191 inventione
1103 3129 1139 3211 hp
1153 3128 1251 3216 abiah
1264 3130 1380 3190 semona
1388 3139 1503 3212 poete-p

395 3228 451 3291 baa
484 3228 555 3291 been
585 3220 665 3290 roont
696 3238 723 3289 to
755 3238 879 3315 attempt
909 3229 956 3292 tlte
991 3228 1138 3321 clevatinp
1173 3228 1212 3313 os
1233 3226 1341 3310 reality
1369 3227 1433 3289 into
1456 3227 1507 3290 tle

394 3326 501 3413 splene
523 3326 560 3410 of
580 3325 627 3390 tlte
652 3324 765 3391 ideal.“
806 3326 926 3391 Acrior
954 3327 1050 3390 animi
1078 3328 1176 3390 ardor
1201 3348 1298 3409 quam
1322 3325 1358 3388 in
1386 3326 1506 3389 ceteris

338 3461 343 3473 ›
395 3425 464 3489 eius
485 3424 637 3511 operibus
659 3425 760 3491 elucet
781 3426 813 3489 in
836 3426 962 3490 duobus
985 3426 1053 3489 aliis
1069 3425 1274 3502 carminibus,
1298 3446 1437 3508 quorum
1452 3424 1504 3487 al-

396 3537 499 3589 terum
520 3524 725 3589 inscribitur:
753 3525 896 3611 „Epiatle
918 3526 1080 3610 ofEloe'aa
1101 3536 1129 3588 to
1150 3524 1329 3601 Abalard,“
1349 3523 1507 3587 alterum:

396 3626 516 3712 „Elepy
537 3649 576 3689 on
599 3650 641 3689 an
661 3625 860 3710 Unfortanate
873 3625 998 3709 Lody.“
1023 3622 1222 3690 Sublimibus
1235 3635 1341 3688 autem
1355 3633 1387 3687 et
1400 3645 1503 3709 gran-

396 3725 491 3789 dibus
514 3724 676 3789 sententiis
698 3724 850 3788 relertum
869 3735 917 3788 est
930 3723 1007 3787 illud
1023 3724 1112 3801 ,Tne
1125 3724 1284 3787 driesaicb“
1297 3722 1503 3807 inscriptum,

395 3846 523 3889 carmen
546 3846 673 3888 ornnem
693 3823 726 3887 iu
746 3835 871 3909 partem
886 3823 1122 3887 accuratissime
1138 3823 1345 3888 elaboratum.
1371 3822 1499 3907 Papius

394 3924 459 3989 iam
481 3935 574 3989 antea
594 3924 627 3988 in
649 3924 809 3989 vertendis
832 3923 995 3988 veteribus
1008 3923 1113 4008 poetis
1125 3922 1503 4000 versatus,·hortantibus

396 4022 507 4088 amicis
527 4045 612 4087 anno
627 4020 832 4089 MDCCXII
852 4022 989 4087 Homeri
1008 4022 1143 4088 Iliadem
1165 4034 1350 4087 convertere
1370 4022 1505 4108 incepit.

395 4121 580 4208 Odysseam
601 4132 707 4187 autem
725 4144 791 4187 non
812 4122 900 4186 solus
921 4121 1099 4198 transtulit,
1121 4121 1178 4187 sed
1198 4144 1264 4185 ana
1277 4145 1351 4185 cum
1372 4121 1502 4186 duobus

395 4222 465 4289 aliis
486 4221 576 4313 ripis,
599 4221 655 4307 qui
676 4222 744 4289 eius
765 4244 889 4289 morem
909 4233 942 4288 et
962 4222 1124 4289 scribendi
1145 4222 1302 4288 rationem
1323 4222 1503 4308 diligentis-
