3259 5317
627 437 666 498 21

89 660 139 701 sse
165 636 293 699 aulicus
314 635 474 701 Ludovici
494 634 578 701 XIV
601 636 633 698 in
660 635 757 699 falsae
785 634 863 698 ortis
888 634 1066 718 praeceptis
1092 656 1182 716 exor-

89 736 206 799 itatus.
705 794 707 801 ,

158 840 319 919 cooperis
340 858 420 899 usus
447 846 496 899 est
523 858 619 899 versu
651 856 691 897 ox
712 832 853 916 quinque
884 830 999 897 iambis
1021 842 1184 895 constante

89 934 129 995 ed
148 935 199 999 ita
221 949 405 1021 comparato
420 948 456 1000 ut
471 936 588 1001 similes
604 958 754 1001 versuum
769 934 871 998 exitus
885 932 1073 1008 vitarentur,
1096 928 1183 1013 quod

90 1056 231 1100 ersuum
253 1058 355 1121 genus
369 1036 518 1099 Britanni
546 1036 798 1114 „blank-oeree“
833 1043 959 1098 vocant.
1003 1029 1181 1115 Cowperus

89 1159 103 1196 r
126 1134 218 1198 libro
241 1158 337 1219 quem
357 1135 498 1221 primum
522 1136 556 1199 in
577 1134 680 1199 lucem
708 1133 823 1209 edidit,
856 1132 1012 1196 rationem
1033 1152 1129 1213 quam
1151 1127 1183 1191 iu

89 1232 228 1297 ‘ensibus
250 1219 424 1299 condendis
447 1234 663 1315 abhibendam
683 1256 752 1299 esse
773 1245 932 1309 censeret,
959 1254 1031 1295 cum
1059 1228 1185 1293 lectori-
1215 1303 1217 1307 ¹

89 1357 136 1397 »us
160 1334 463 1405 communicaverat.
484 1410 487 1417 Ι
508 1334 583 1415 Quo
610 1336 643 1399 in
657 1374 660 1381 ·
675 1333 758 1397 libro
788 1333 844 1398 ubi
877 1357 950 1397 cum
971 1342 1133 1397 contemtu
1155 1343 1187 1392 et

89 1434 209 1497 astidio
230 1434 398 1499 inversus
419 1435 472 1499 illo
495 1431 638 1521 tempere
664 1432 798 1497 adhibiti
820 1456 960 1519 „creamy
980 1430 1184 1497 rnrootlrneer“
1254 1444 1259 1451 '

89 1534 253 1618 norepuit,
274 1534 443 1598 exclamat:

251 1669 335 1731 „Gioe
352 1688 388 1721 me
406 1671 443 1721 tte
461 1672 509 1721 liae
527 1670 578 1720 thar
594 1670 696 1736 ploupirs
715 1672 745 1720 its
761 1670 850 1737 stotely
866 1685 951 1720 course
980 1662 985 1671 ⁴

250 1754 316 1804 Lilre
334 1770 350 1803 a
366 1754 447 1819 prend
461 1770 531 1803 swan
549 1754 696 1818 oonprerinp
709 1754 747 1803 tte
763 1762 854 1803 edeam
871 1755 902 1818 ty
912 1754 1003 1817 forcer

257 1836 330 1896 Uret,
348 1836 395 1885 tit-e
412 1854 477 1885 smne
496 1844 588 1901 cottupe
606 1838 700 1903 bonnm,
718 1836 806 1885 urit-es
824 1836 862 1885 rte
879 1835 958 1893 beart,

254 1918 323 1976 Quite
341 1918 484 1967 unindebted
500 1928 523 1967 to
541 1919 578 1967 the
597 1919 671 1969 tricis
689 1920 721 1984 of
734 1924 797 1967 m·t.“

89 2034 266 2101 Darndidam
299 2058 337 2099 ao
367 2036 541 2122 simplicem
573 2036 699 2102 dicendi
731 2036 887 2100 rationem
919 2056 984 2117 qua
1005 2031 1184 2117 Cowperus

89 2158 197 2201 tersus
223 2136 420 2221 composuit,
456 2137 595 2201 sennoni
608 2134 796 2201 ,Homerico
826 2135 919 2199 valde
946 2132 1185 2198 convenientem

89 2258 152 2299 >sse
173 2246 262 2321 puto.
302 2233 369 2301 Sed
391 2236 563 2299 dolendum
585 2246 643 2313 est,
665 2236 752 2319 quod
775 2232 952 2319 Cowperus
975 2232 1079 2317 legem
1099 2231 1187 2295 illam

89 2336 265 2399 secuudum
286 2357 383 2418 quarn
404 2335 507 2399 exitus
522 2357 673 2399 versuum
688 2346 909 2409 consonarent,
923 2352 1058 2419 prorsus
1079 2354 1188 2416 asper·

89 2446 179 2499 natus
210 2446 268 2499 est.
312 2434 466 2511 „Blouk-
479 2439 600 2511 veree‚“
632 2434 709 2497 dicit
735 2433 864 2497 criticus
896 2432 1027 2515 quidam
1058 2430 1188 2494 Britan-

89 2558 161 2612 nus,
183 2558 297 2614 „seems
318 2546 347 2600 te
367 2537 403 2600 be
444 2558 526 2599 nerse
557 2534 627 2619 only
652 2546 682 2598 to
702 2534 749 2599 the
776 2538 858 2619 eye.“
898 2532 996 2597 Poesi
1028 2528 1189 2615 Cowperi‚

89 2660 163 2701 rum
186 2636 271 2699 omni
293 2647 479 2699 ornamento
503 2646 535 2697 et
555 2634 675 2720 ingenii
695 2634 822 2709 luituris
846 2654 980 2718 prorsus
1000 2643 1117 2707 careat,
1136 2629 1190 2693 illa

89 2736 157 2821 iege
176 2736 268 2818 quasi
289 2734 436 2799 fulciente
455 2736 598 2818 quodam
629 2735 835 2800 fundamento
862 2756 944 2818 opus
976 2745 1033 2796 est.
1076 2730 1189 2815 Neque

89 2835 181 2897 etiam
203 2834 321 2897 aliare
342 2834 404 2897 nisi
425 2857 487 2898 usu
511 2834 594 2898 illius
621 2834 760 2912 „blonk·
773 2837 885 2897 oeree‘s
907 2832 944 2896 fit
967 2842 1007 2909 ,ut
1037 2828 1186 2915 Cowperi

90 2933 192 2997 versio
207 2954 300 3019 saepe
314 2932 425 2997 lectori
439 2933 534 2997 nimis
549 2934 590 2997 ed
604 2931 769 3017 vulgarem
784 2930 911 2996 dicendi
924 2929 1187 2995 consuetudinem

90 3034 284 3098 conformata
305 3054 374 3097 esse
400 3033 555 3097 videatur.

173 3133 342 3217 Reliquum
374 3146 424 3197 est
454 3144 491 3198 ut
520 3134 562 3197 do
595 3138 710 3201 dicendi
742 3156 852 3217 genere
883 3134 1092 3219 interpretum
1122 3131 1191 3196 dis-

92 3246 221 3297 seratur.

173 3332 353 3399 Observato
376 3334 487 3399 ordine
510 3335 661 3419 temporis
682 3335 822 3421 primum
843 3335 883 3398 de
904 3338 1067 3417 disp-rue
1089 3326 1189 3396 verba'

96 3435 216 3498 faciam.
270 3430 338 3514 Qui
382 3433 499 3517 quibus
537 3434 714 3499 rationibus
751 3446 782 3497 et
816 3435 994 3520 praeceptis
1029 3434 1063 3497 in
1095 3452 1191 3517 opere

96 3557 151 3597 suo
183 3535 374 3601 conficiendo
410 3558 488 3599 usus
522 3533 580 3614 sit,
614 3534 682 3620 ipse
714 3534 882 3599 nobiscum
915 3533 1129 3599 communicat
1158 3530 1191 3592 in

97 3635 179 3710 „Tae
192 3635 316 3719 meaee
332 3646 360 3699 to
375 3635 422 3699 tte
435 3636 593 3699 Reoder“:
615 3636 667 3712 „It
689 3636 716 3697 is
737 3635 784 3698 tlte
799 3645 876 3721 part
897 3634 933 3720 of
949 3656 1033 3717 every
1053 3632 1193 3714 knowinp

98 3736 158 3797 aad
171 3734 302 3819 jadieial
323 3735 499 3820 interpreter
511 3738 528 3809 ,¹
551 3740 603 3798 not
627 3744 655 3798 to
673 3733 784 3820 follow
806 3734 853 3797 the
874 3734 1000 3796 nurnber
1020 3732 1084 3793 ond
1104 3732 1193 3793 order

99 3834 132 3917 os
147 3834 250 3909 uuerde,
273 3834 326 3895 but
347 3833 393 3897 tte
414 3832 556 3895 material
577 3833 678 3917 thinps
700 3832 887 3907 themselves,
912 3832 976 3894 and
997 3841 1142 3893 sentences
1165 3838 1192 3890 to

102 3934 188 4015 rreiplr
211 3932 378 4017 ditipentlp3
414 3934 478 3998 aad
503 3944 531 3995 to
559 3933 663 4007 clotho,
678 3934 742 3997 end
767 3934 868 3996 odoro
896 3931 974 3994 them
1001 3929 1072 3992 witlr
1092 3929 1193 3993 words

101 4037 158 4097 und
177 4033 244 4097 aaut
265 4057 285 4095 a
307 4032 379 4118 style
399 4034 463 4095 aad
474 4033 563 4119 form
584 4034 620 4117 of
635 4034 764 4108 oration,
787 4056 822 4095 aa
843 4054 897 4095 ure
917 4040 995 4093 most
1008 4029 1124 4115 aptfor
1145 4028 1192 4091 tlte

102 4134 240 4218 Ianpuape
260 4134 322 4195 into
344 4131 441 4195 which
456 4132 520 4217 tkrp
535 4154 588 4196 ore
602 4131 788 4197 converterif‘
817 4129 863 4193 Et
882 4129 916 4193 iu
937 4127 1191 4212 praeclarissimo

102 4232 229 4297 carmine
250 4230 291 4295 ad
311 4229 480 4295 lectorem:
