3259 5317
587 437 685 534 „lb

82 638 169 702 lem
194 664 253 725 my
274 640 424 727 refa9e“
447 638 609 727 [Epistola
630 640 671 705 ad
692 640 919 705 LNewtonem
941 641 1047 706 idibus
1068 642 1186 707 Ianua·

82 738 121 802 is
157 740 242 803 anni
267 737 608 807 MDCCLXXXVII
631 740 748 827 scripta
760 740 816 828 1)]
859 744 928 821 ,As
954 755 983 807 to
1011 744 1193 822 Hemen,I

82 863 116 900 m
134 839 276 904 sensate
297 840 369 917 etat,
392 852 493 927 eaccpt
513 864 549 904 as
570 864 610 905 on
633 853 826 919 amusement,
848 843 883 906 de
903 867 967 907 was
981 867 1070 908 neven
1089 847 1185 910 wenti

82 960 114 1021 ey
138 939 306 1024 meddlc'nq
327 938 416 1015 witin
445 941 513 1016 bat,
537 964 572 1003 as
593 963 634 1003 an
656 952 854 1019 amusement,
876 942 912 1006 lte
932 966 995 1006 was
1017 955 1046 1006 to
1067 951 1115 1007 me
1135 947 1185 1007 c’n-
1269 943 1271 950 ’

82 1038 241 1103 alaudem
265 1036 427 1124 [Epistola
448 1040 489 1101 ad
510 1030 536 1103 Ι.
551 1038 739 1103 Newtonem
761 1052 876 1103 octavo
899 1042 951 1105 die
973 1054 1045 1105 ante
1068 1041 1185 1107 Calen-

82 1160 126 1201 as
151 1138 302 1202 Iulianas
326 1138 399 1203 anni
413 1134 631 1203 MDCCXCI
654 1139 771 1224 scripta
785 1138 841 1227 ¹)].
862 1140 988 1218 „Alani
1015 1142 1185 1206 abatiae
1288 1147 1292 1153 ’

82 1238 170 1302 thole
188 1260 294 1325 paean,
316 1262 386 1303 eaeo
408 1258 463 1303 one
483 1237 520 1324 ⁰s
528 1238 681 1314 Hocner's,
704 1242 868 1325 compared
887 1241 959 1303 aaa
981 1265 1001 1304 a
1022 1242 1118 1327 sinple
1132 1266 1184 1305 aa·

82 1340 216 1401 *iratiou
238 1339 303 1401 ticet
313 1340 402 1426 fmds
422 1340 461 1402 its
481 1362 548 1425 way
569 1338 768 1423 immediately
783 1350 811 1401 to
832 1338 916 1415 (iod,
938 1340 1050 1425 tdoaple
1070 1341 1185 1405 clotleed

82 1464 101 1503 n
127 1440 284 1524 ordinem
307 1438 465 1524 lcapaa'qe,
487 1462 525 1502 or
539 1440 678 1526 perhaps
699 1450 751 1502 not
771 1440 951 1504 anticalated
964 1453 996 1505 at
1009 1440 1063 1504 alt.
1090 1442 1184 1507 These

82 1558 123 1599 oe
146 1558 202 1621 my
223 1538 394 1600 sentimenta
414 1560 449 1599 ae
469 1536 559 1599 macic
579 1560 614 1599 ac
636 1559 702 1601 ecee
723 1538 789 1623 they
807 1552 895 1615 'wera
918 1539 1030 1625 tloaple
1044 1549 1101 1625 my'
1108 1544 1186 1627 days

82 1660 125 1700 cre
149 1637 199 1701 all
218 1638 354 1722 maninq
369 1646 398 1700 to
413 1645 504 1700 waste
525 1658 635 1719 amonq
651 1632 762 1701 Greeks
777 1638 841 1699 aad
855 1638 1004 1724 Trojonc“
1021 1636 1183 1725 [Epistola

82 1738 113 1801 cd
136 1738 167 1802 I.
190 1735 379 1803 Newtonem
401 1734 568 1799 undecimo
591 1734 643 1799 die
665 1745 737 1798 ante
761 1732 919 1800 Calendes
939 1734 1076 1803 Sextiles
1108 1743 1182 1805 anni

82 1834 299 1903 uDCOXOI
320 1832 507 1921 scripta¹)].
549 1835 597 1913 „1
616 1858 667 1897 am
693 1856 761 1898 now
785 1837 893 1921 piciap
918 1837 966 1901 tlte
987 1837 1045 1902 lect
1065 1842 1195 1927 macies·

82 1960 100 2001 o
123 1962 146 2001 a
168 1938 253 2001 work
272 1936 384 2013 waiet,
406 1936 469 1999 aad
488 1937 515 2002 I
519 1935 661 2019 foresem
683 1934 730 1998 tle
751 1935 896 2023 difficulty
917 1936 1009 2022 ofit,
1030 1940 1055 2003 1
1073 1941 1184 2006 should

82 2059 166 2101 never
188 2036 263 2100 leuve
282 2035 426 2099 meddled
440 2035 535 2099 witta
558 2032 720 2120 [Epistola
742 2034 783 2098 ad
803 2034 978 2120 Iosephum
998 2037 1071 2102 Hill
1091 2040 1180 2104 seito

82 2138 132 2201 die
156 2146 229 2201 ante
250 2134 361 2202 Nonas
381 2134 488 2199 Maias
510 2134 585 2198 anni
606 2130 808 2199 MDCCXC
831 2134 906 2198 data
919 2134 970 2222 ¹)].
1054 2209 1057 2216 ,

160 2236 233 2301 Iam
265 2256 343 2300 vero
372 2234 549 2311 videamus,
584 2256 680 2319 quam
711 2233 744 2297 in
776 2235 906 2301 versibus
937 2242 1096 2304 condendis
1128 2261 1181 2303 ra-

82 2340 198 2404 :ionem
221 2337 410 2421 interpretes
441 2334 606 2417 iniecerint,
639 2358 714 2398 nam
749 2349 887 2399 metrum
919 2337 1012 2420 quasi
1047 2340 1180 2405 sceletua

82 2450 180 2503 est—
201 2439 228 2503 si
247 2437 293 2501 ita
314 2436 419 2500 dicere
440 2436 512 2500 licet
525 2474 563 2481 -
585 2436 635 2499 cui
657 2436 762 2521 ipsum
789 2460 924 2523 poeseos
938 2462 1055 2525 colpus
1076 2440 1180 2526 impo-

82 2539 176 2603 situm
197 2548 254 2601 est.

164 2642 343 2721 dbapnanns
364 2637 398 2701 in
418 2637 520 2701 Iliade
547 2636 701 2701 vertenda
727 2636 874 2701 versibus
896 2660 974 2701 usus
995 2649 1044 2701 est
1064 2637 1179 2701 iambi-

82 2741 124 2804 cis
146 2762 186 2803 ex
208 2749 327 2823 septem
348 2736 485 2823 pedibus
507 2736 725 2803 constantibus
747 2748 779 2802 et
805 2760 844 2801 ea
868 2737 938 2823 lege
959 2738 1122 2808 obstn'ctis
1143 2753 1180 2803 ut

82 2838 146 2904 bini
167 2862 277 2903 versus
303 2838 337 2903 in
369 2839 506 2903 eundem
538 2862 652 2903 sonum
684 2839 816 2903 exirent.
859 2836 911 2902 Ac
940 2838 1084 2923 profecto
1106 2861 1178 2903 cum

82 2939 208 3003 omnino
239 2937 349 3024 lingua
369 2936 508 3025 Anglioa
529 2939 574 3003 ita
595 2949 778 3024 comparata
810 2937 866 3015 sit,
897 2949 933 3001 ut
959 2938 1179 3002 hexametrum
1219 2952 1222 3025 g

81 3039 288 3103 Homericum
308 3038 513 3107 nullomodo
536 3040 692 3116 admittat,
707 3038 785 3103 illud
803 3050 950 3115 metrum,
966 3038 1054 3121 quod
1069 3036 1178 3124 Chap-
1214 3105 1218 3130 ί

82 3140 193 3203 manus
220 3140 473 3216 advertendum
497 3138 631 3203 Iliadem
662 3138 722 3202 sibi
745 3138 856 3223 elegit,
888 3138 1032 3223 proxime
1057 3140 1178 3202 accedit
1204 3167 1213 3228 5

82 3240 122 3302 ad
144 3240 368 3317 hexametrum,
391 3238 554 3322 multoque
575 3238 677 3323 magis
703 3237 778 3301 huie
800 3237 990 3301 conveniens
1012 3251 1060 3301 est
1081 3260 1178 3322 quam

82 3362 190 3403 versus
209 3338 336 3405 iambici
358 3338 498 3423 quinque
520 3360 559 3402 ex
580 3337 716 3423 pedibus
736 3350 916 3403 constantes
944 3360 1025 3422 quos
1051 3337 1084 3402 in
1106 3360 1178 3403 ver-

83 3439 176 3502 tenda
209 3436 357 3523 Odyssea
388 3437 542 3502 adhibuit.
596 3437 696 3500 Errat
730 3436 831 3521 igitur
861 3438 923 3502 Th.
963 3437 1140 3502 Wartonus
1148 3439 1177 3522 ²)

85 3538 207 3603 dicens:
232 3537 417 3625 „Cdapman
444 3538 566 3602 bubones
593 3536 665 3600 aad
685 3536 733 3600 the
753 3538 979 3601 iesconomieace
998 3538 1094 3622 effata
1113 3562 1176 3601 ccc-

86 3640 194 3715 luced,
213 3639 454 3715 inhumanatione,
477 3638 540 3701 and
560 3638 704 3702 anberoic
723 3658 871 3713 measure,
894 3626 1031 3721 impbsed
1050 3637 1089 3721 ey
1109 3660 1176 3700 cas-

87 3750 153 3815 tom,
176 3740 225 3801 bat
242 3736 406 3823 disqustfal
427 3748 455 3800 to
476 3738 602 3801 medem
623 3758 720 3801 eonas⁴
753 3734 863 3819 Atque
880 3733 1087 3821 Chapmanus
1108 3736 1177 3822 ipse

88 3837 326 3921 quotiescunque
348 3849 480 3921 propter
499 3835 562 3899 hoc
583 3835 632 3899 vel
662 3833 761 3899 simile
788 3834 941 3917 quiddam
963 3835 1177 3919 reprehende-

88 3936 184 4014 batur,
205 3937 326 4001 sincero
346 3935 465 4000 iudicio
485 3934 664 4019 respondit:

89 4040 276 4051 -a-——u

152 4072 177 4136 1)
193 4067 524 4135 Private‘Corrccpondence
543 4068 572 4122 of
590 4066 698 4119 Williem
719 4066 830 4133 Campa,
849 4079 891 4119 etc.
988 4066 991 4069 ’

150 4153 177 4219 2)
196 4152 243 4204 Tic
259 4152 363 4219 History
381 4152 412 4215 cs
423 4150 525 4217 Enplidt
538 4151 639 4217 Poetry,
647 4152 718 4215 srom
737 4151 774 4201 ue
786 4151 856 4202 Closs
874 4154 905 4217 cy*
917 4153 956 4203 the
973 4152 1079 4203 decenti
1097 4162 1120 4202 to
1138 4154 1176 4204 aa
1249 4167 1252 4172 ⁴

93 4237 279 4317 Commenccment
296 4236 326 4299 cs
338 4236 377 4286 tte
394 4234 524 4301 cipitceatt
546 4233 658 4300 Centary.
