<?xml version="1.0" encoding="UTF-8"?>
<!DOCTYPE html PUBLIC "-//W3C//DTD XHTML 1.0 Transitional//EN"
    "http://www.w3.org/TR/xhtml1/DTD/xhtml1-transitional.dtd">
<html xmlns="http://www.w3.org/1999/xhtml" xml:lang="en" lang="en">
 <head>
  <title>
</title>
<meta http-equiv="Content-Type" content="text/html;charset=utf-8" />
  <meta name='ocr-system' content='tesseract 3.04.00' />
  <meta name='ocr-capabilities' content='ocr_page ocr_carea ocr_par ocr_line ocrx_word'/>
</head>
<body>
  <div class='ocr_page' id='page_1' title='image "./versioneshomeri01penogoog_0024.png"; bbox 0 0 3259 5317; ppageno 0'>
   <div class='ocr_carea' id='block_1_1' title="bbox 943 390 999 479">
    <p class='ocr_par' dir='ltr' id='par_1_1' title="bbox 943 390 999 479">
     <span class='ocr_line' id='line_1_1' title="bbox 943 390 999 479; baseline 0 0"><span class='ocrx_word' id='word_1_1' title='bbox 943 390 999 479; x_wconf 81' lang='lat' dir='ltr'>&#39;sc</span> 
     </span>
    </p>
   </div>
   <div class='ocr_carea' id='block_1_2' title="bbox 635 613 1415 682">
    <p class='ocr_par' dir='ltr' id='par_1_2' title="bbox 635 613 1415 682">
     <span class='ocr_line' id='line_1_2' title="bbox 635 613 1415 682; baseline -0.024 -5"><span class='ocrx_word' id='word_1_2' title='bbox 635 654 658 677; x_wconf 79' lang='lat' dir='ltr'>n·</span> <span class='ocrx_word' id='word_1_3' title='bbox 677 655 683 668; x_wconf 86' lang='lat'><strong>·</strong></span> <span class='ocrx_word' id='word_1_4' title='bbox 702 654 707 667; x_wconf 90' lang='lat'><strong>·</strong></span> <span class='ocrx_word' id='word_1_5' title='bbox 726 616 772 667; x_wconf 62' lang='lat' dir='ltr'>ldie</span> <span class='ocrx_word' id='word_1_6' title='bbox 790 616 844 682; x_wconf 73' lang='lat' dir='ltr'>lony</span> <span class='ocrx_word' id='word_1_7' title='bbox 859 632 929 682; x_wconf 79' lang='lat' dir='ltr'>poem</span> <span class='ocrx_word' id='word_1_8' title='bbox 947 615 1006 665; x_wconf 72' lang='lat' dir='ltr'>asts</span> <span class='ocrx_word' id='word_1_9' title='bbox 1023 614 1070 664; x_wconf 73' lang='lat' dir='ltr'>tlte</span> <span class='ocrx_word' id='word_1_10' title='bbox 1086 613 1163 679; x_wconf 73' lang='lat' dir='ltr'>leaqtl</span> <span class='ocrx_word' id='word_1_11' title='bbox 1180 614 1212 676; x_wconf 69' lang='lat' dir='ltr'>cs</span> <span class='ocrx_word' id='word_1_12' title='bbox 1221 618 1318 664; x_wconf 75' lang='lat' dir='ltr'>rme.“</span> <span class='ocrx_word' id='word_1_13' title='bbox 1410 619 1415 625; x_wconf 87' lang='lat'>&#39;</span> 
     </span>
    </p>
   </div>
   <div class='ocr_carea' id='block_1_3' title="bbox 430 712 1544 3625">
    <p class='ocr_par' dir='ltr' id='par_1_3' title="bbox 430 712 1544 2404">
     <span class='ocr_line' id='line_1_3' title="bbox 432 712 1542 801; baseline -0.006 -16"><span class='ocrx_word' id='word_1_14' title='bbox 432 720 498 785; x_wconf 84' lang='lat' dir='ltr'>Sed</span> <span class='ocrx_word' id='word_1_15' title='bbox 530 716 625 783; x_wconf 87' lang='lat' dir='ltr'>ctiam</span> <span class='ocrx_word' id='word_1_16' title='bbox 657 716 690 781; x_wconf 90' lang='lat' dir='ltr'>in</span> <span class='ocrx_word' id='word_1_17' title='bbox 723 713 873 801; x_wconf 76' lang='lat' dir='ltr'>Odyssea</span> <span class='ocrx_word' id='word_1_18' title='bbox 902 735 1097 799; x_wconf 86' lang='lat' dir='ltr'>quamquam</span> <span class='ocrx_word' id='word_1_19' title='bbox 1128 712 1191 777; x_wconf 82' lang='lat' dir='ltr'>alio</span> <span class='ocrx_word' id='word_1_20' title='bbox 1227 724 1331 776; x_wconf 89' lang='lat' dir='ltr'>metro</span> <span class='ocrx_word' id='word_1_21' title='bbox 1365 736 1460 777; x_wconf 85' lang='lat' dir='ltr'>usus</span> <span class='ocrx_word' id='word_1_22' title='bbox 1497 737 1542 778; x_wconf 75' lang='lat' dir='ltr'>esc</span> 
     </span>
     <span class='ocr_line' id='line_1_4' title="bbox 439 812 1544 901; baseline -0.006 -16"><span class='ocrx_word' id='word_1_23' title='bbox 439 822 548 885; x_wconf 73' lang='lat' dir='ltr'>fervor</span> <span class='ocrx_word' id='word_1_24' title='bbox 570 818 620 881; x_wconf 89' lang='lat' dir='ltr'>ille</span> <span class='ocrx_word' id='word_1_25' title='bbox 642 816 716 881; x_wconf 90' lang='lat' dir='ltr'>huic</span> <span class='ocrx_word' id='word_1_26' title='bbox 736 826 850 901; x_wconf 89' lang='lat' dir='ltr'>poetae</span> <span class='ocrx_word' id='word_1_27' title='bbox 870 813 1021 900; x_wconf 85' lang='lat' dir='ltr'>proprius</span> <span class='ocrx_word' id='word_1_28' title='bbox 1046 834 1110 875; x_wconf 92' lang='lat' dir='ltr'>non</span> <span class='ocrx_word' id='word_1_29' title='bbox 1132 812 1345 877; x_wconf 83' lang='lat' dir='ltr'>desideratur.</span> <span class='ocrx_word' id='word_1_30' title='bbox 1394 812 1487 894; x_wconf 85' lang='lat' dir='ltr'>Qua</span> <span class='ocrx_word' id='word_1_31' title='bbox 1506 839 1544 878; x_wconf 81' lang='lat' dir='ltr'>oc-</span> 
     </span>
     <span class='ocr_line' id='line_1_5' title="bbox 441 915 1543 1000; baseline -0.01 -14"><span class='ocrx_word' id='word_1_32' title='bbox 441 920 568 985; x_wconf 82' lang='lat' dir='ltr'>casione</span> <span class='ocrx_word' id='word_1_33' title='bbox 590 918 665 983; x_wconf 89' lang='lat' dir='ltr'>data</span> <span class='ocrx_word' id='word_1_34' title='bbox 685 916 747 989; x_wconf 87' lang='lat' dir='ltr'>hoc</span> <span class='ocrx_word' id='word_1_35' title='bbox 767 917 838 981; x_wconf 89' lang='lat' dir='ltr'>loeo</span> <span class='ocrx_word' id='word_1_36' title='bbox 859 915 946 980; x_wconf 85' lang='lat' dir='ltr'>haud</span> <span class='ocrx_word' id='word_1_37' title='bbox 966 916 1071 1000; x_wconf 83' lang='lat' dir='ltr'>inepte</span> <span class='ocrx_word' id='word_1_38' title='bbox 1095 938 1147 979; x_wconf 91' lang='lat' dir='ltr'>me</span> <span class='ocrx_word' id='word_1_39' title='bbox 1168 915 1337 980; x_wconf 84' lang='lat' dir='ltr'>allaturum</span> <span class='ocrx_word' id='word_1_40' title='bbox 1360 938 1447 979; x_wconf 80' lang='lat' dir='ltr'>esse</span> <span class='ocrx_word' id='word_1_41' title='bbox 1468 935 1543 1000; x_wconf 74' lang='lat' dir='ltr'>pun.</span> 
     </span>
     <span class='ocr_line' id='line_1_6' title="bbox 433 1009 1541 1105; baseline -0.01 -20"><span class='ocrx_word' id='word_1_42' title='bbox 433 1020 521 1105; x_wconf 86' lang='lat' dir='ltr'>quod</span> <span class='ocrx_word' id='word_1_43' title='bbox 544 1018 700 1105; x_wconf 79' lang='lat' dir='ltr'>Singaras</span> <span class='ocrx_word' id='word_1_44' title='bbox 721 1018 754 1081; x_wconf 91' lang='lat' dir='ltr'>in</span> <span class='ocrx_word' id='word_1_45' title='bbox 776 1017 931 1101; x_wconf 88' lang='lat' dir='ltr'>eis‚quae</span> <span class='ocrx_word' id='word_1_46' title='bbox 953 1009 1026 1080; x_wconf 81' lang='lat' dir='ltr'>ante</span> <span class='ocrx_word' id='word_1_47' title='bbox 1048 1013 1227 1099; x_wconf 85' lang='lat' dir='ltr'>Chapmani</span> <span class='ocrx_word' id='word_1_48' title='bbox 1246 1016 1404 1100; x_wconf 62' lang='lat' dir='ltr'>„Hamas</span> <span class='ocrx_word' id='word_1_49' title='bbox 1427 1018 1472 1101; x_wconf 71' lang='lat' dir='ltr'>of</span> <span class='ocrx_word' id='word_1_50' title='bbox 1488 1017 1541 1079; x_wconf 64' lang='lat' dir='ltr'>Ha</span> 
     </span>
     <span class='ocr_line' id='line_1_7' title="bbox 432 1112 1536 1203; baseline -0.008 -18"><span class='ocrx_word' id='word_1_51' title='bbox 432 1124 518 1185; x_wconf 44' lang='grc' dir='ltr'>τηεμ</span> <span class='ocrx_word' id='word_1_52' title='bbox 542 1142 561 1183; x_wconf 88' lang='lat' dir='ltr'>a</span> <span class='ocrx_word' id='word_1_53' title='bbox 590 1138 623 1183; x_wconf 86' lang='lat' dir='ltr'>sc</span> <span class='ocrx_word' id='word_1_54' title='bbox 652 1115 738 1182; x_wconf 89' lang='lat' dir='ltr'>edita</span> <span class='ocrx_word' id='word_1_55' title='bbox 764 1117 925 1203; x_wconf 84' lang='lat' dir='ltr'>praefatus</span> <span class='ocrx_word' id='word_1_56' title='bbox 951 1126 1014 1193; x_wconf 89' lang='lat' dir='ltr'>est,</span> <span class='ocrx_word' id='word_1_57' title='bbox 1042 1116 1082 1178; x_wconf 90' lang='lat' dir='ltr'>de</span> <span class='ocrx_word' id='word_1_58' title='bbox 1108 1114 1229 1178; x_wconf 87' lang='lat' dir='ltr'>ratione</span> <span class='ocrx_word' id='word_1_59' title='bbox 1250 1138 1271 1177; x_wconf 87' lang='lat' dir='ltr'>a</span> <span class='ocrx_word' id='word_1_60' title='bbox 1291 1112 1502 1200; x_wconf 86' lang='lat' dir='ltr'>Chapmano</span> <span class='ocrx_word' id='word_1_61' title='bbox 1521 1117 1536 1177; x_wconf 77' lang='lat' dir='ltr'>ir</span> 
     </span>
     <span class='ocr_line' id='line_1_8' title="bbox 434 1217 1541 1305; baseline -0.002 -22"><span class='ocrx_word' id='word_1_62' title='bbox 434 1218 582 1283; x_wconf 71' lang='lat' dir='ltr'>canibus</span> <span class='ocrx_word' id='word_1_63' title='bbox 612 1217 840 1303; x_wconf 67' lang='lat' dir='ltr'>componendis</span> <span class='ocrx_word' id='word_1_64' title='bbox 866 1217 1009 1283; x_wconf 87' lang='lat' dir='ltr'>adhibita</span> <span class='ocrx_word' id='word_1_65' title='bbox 1034 1218 1169 1283; x_wconf 84' lang='lat' dir='ltr'>indicat:</span> <span class='ocrx_word' id='word_1_66' title='bbox 1200 1218 1292 1296; x_wconf 82' lang='lat' dir='ltr'>„One</span> <span class='ocrx_word' id='word_1_67' title='bbox 1317 1220 1358 1304; x_wconf 47' lang='grc' dir='ltr'>(ᾖ</span> <span class='ocrx_word' id='word_1_68' title='bbox 1381 1220 1438 1284; x_wconf 73' lang='lat' dir='ltr'>ibe</span> <span class='ocrx_word' id='word_1_69' title='bbox 1460 1244 1541 1305; x_wconf 79' lang='lat' dir='ltr'>pem-</span> 
     </span>
     <span class='ocr_line' id='line_1_9' title="bbox 434 1316 1540 1406; baseline -0.007 -23"><span class='ocrx_word' id='word_1_70' title='bbox 434 1318 561 1385; x_wconf 79' lang='lat' dir='ltr'>lioritc&#39;es</span> <span class='ocrx_word' id='word_1_71' title='bbox 589 1318 625 1405; x_wconf 76' lang='lat' dir='ltr'>of</span> <span class='ocrx_word' id='word_1_72' title='bbox 648 1316 834 1404; x_wconf 76' lang='lat' dir='ltr'>Clsopmctn&#39;s</span> <span class='ocrx_word' id='word_1_73' title='bbox 862 1319 1060 1406; x_wconf 76' lang='lat' dir='ltr'>versification</span> <span class='ocrx_word' id='word_1_74' title='bbox 1088 1320 1115 1381; x_wconf 80' lang='lat' dir='ltr'>is</span> <span class='ocrx_word' id='word_1_75' title='bbox 1142 1319 1190 1383; x_wconf 78' lang='lat' dir='ltr'>tlte</span> <span class='ocrx_word' id='word_1_76' title='bbox 1216 1318 1408 1402; x_wconf 66' lang='lat' dir='ltr'>interlociny</span> <span class='ocrx_word' id='word_1_77' title='bbox 1438 1322 1482 1405; x_wconf 83' lang='lat' dir='ltr'>os</span> <span class='ocrx_word' id='word_1_78' title='bbox 1508 1320 1540 1380; x_wconf 75' lang='lat' dir='ltr'>cl.-</span> 
     </span>
     <span class='ocr_line' id='line_1_10' title="bbox 433 1416 1540 1503; baseline -0.007 -20"><span class='ocrx_word' id='word_1_79' title='bbox 433 1442 550 1496; x_wconf 78' lang='lat' dir='ltr'>ocmm,</span> <span class='ocrx_word' id='word_1_80' title='bbox 577 1440 614 1482; x_wconf 83' lang='lat' dir='ltr'>or</span> <span class='ocrx_word' id='word_1_81' title='bbox 634 1416 680 1481; x_wconf 76' lang='lat' dir='ltr'>tlte</span> <span class='ocrx_word' id='word_1_82' title='bbox 701 1418 837 1502; x_wconf 63' lang='lat' dir='ltr'>manino</span> <span class='ocrx_word' id='word_1_83' title='bbox 856 1416 893 1503; x_wconf 77' lang='lat' dir='ltr'>of</span> <span class='ocrx_word' id='word_1_84' title='bbox 908 1418 956 1483; x_wconf 74' lang='lat' dir='ltr'>tlte</span> <span class='ocrx_word' id='word_1_85' title='bbox 979 1417 1054 1480; x_wconf 80' lang='lat' dir='ltr'>lines</span> <span class='ocrx_word' id='word_1_86' title='bbox 1075 1441 1131 1482; x_wconf 84' lang='lat' dir='ltr'>cac</span> <span class='ocrx_word' id='word_1_87' title='bbox 1151 1420 1213 1481; x_wconf 82' lang='lat' dir='ltr'>into</span> <span class='ocrx_word' id='word_1_88' title='bbox 1234 1418 1282 1481; x_wconf 76' lang='lat' dir='ltr'>tlte</span> <span class='ocrx_word' id='word_1_89' title='bbox 1300 1418 1407 1495; x_wconf 80' lang='lat' dir='ltr'>otber,</span> <span class='ocrx_word' id='word_1_90' title='bbox 1420 1443 1472 1481; x_wconf 82' lang='lat' dir='ltr'>-so</span> <span class='ocrx_word' id='word_1_91' title='bbox 1493 1420 1540 1480; x_wconf 78' lang='lat' dir='ltr'>tls·</span> 
     </span>
     <span class='ocr_line' id='line_1_11' title="bbox 434 1516 1536 1603; baseline -0.007 -20"><span class='ocrx_word' id='word_1_92' title='bbox 434 1518 481 1583; x_wconf 79' lang='lat' dir='ltr'>ds</span> <span class='ocrx_word' id='word_1_93' title='bbox 510 1538 593 1583; x_wconf 81' lang='lat' dir='ltr'>sense</span> <span class='ocrx_word' id='word_1_94' title='bbox 620 1518 690 1581; x_wconf 84' lang='lat' dir='ltr'>does</span> <span class='ocrx_word' id='word_1_95' title='bbox 721 1526 773 1580; x_wconf 84' lang='lat' dir='ltr'>not</span> <span class='ocrx_word' id='word_1_96' title='bbox 798 1516 876 1580; x_wconf 79' lang='lat' dir='ltr'>close</span> <span class='ocrx_word' id='word_1_97' title='bbox 902 1516 974 1579; x_wconf 76' lang='lat' dir='ltr'>cist</span> <span class='ocrx_word' id='word_1_98' title='bbox 1001 1516 1048 1579; x_wconf 73' lang='lat' dir='ltr'>tlte</span> <span class='ocrx_word' id='word_1_99' title='bbox 1076 1516 1210 1603; x_wconf 59' lang='lat' dir='ltr'>coaptem</span> <span class='ocrx_word' id='word_1_100' title='bbox 1244 1517 1303 1578; x_wconf 76' lang='lat' dir='ltr'>tbs&#39;s</span> <span class='ocrx_word' id='word_1_101' title='bbox 1330 1519 1360 1579; x_wconf 72' lang='lat' dir='ltr'>ia</span> <span class='ocrx_word' id='word_1_102' title='bbox 1398 1518 1489 1581; x_wconf 76' lang='lat' dir='ltr'>sobet</span> <span class='ocrx_word' id='word_1_103' title='bbox 1508 1520 1536 1579; x_wconf 64' lang='lat' dir='ltr'>tl·</span> 
     </span>
     <span class='ocr_line' id='line_1_12' title="bbox 433 1616 1540 1702; baseline -0.006 -19"><span class='ocrx_word' id='word_1_104' title='bbox 433 1618 552 1685; x_wconf 54' lang='lat' dir='ltr'>steneli</span> <span class='ocrx_word' id='word_1_105' title='bbox 575 1618 674 1681; x_wconf 80' lang='lat' dir='ltr'>critice</span> <span class='ocrx_word' id='word_1_106' title='bbox 694 1616 788 1702; x_wconf 79' lang='lat' dir='ltr'><em>object</em></span> <span class='ocrx_word' id='word_1_107' title='bbox 806 1626 836 1679; x_wconf 87' lang='lat' dir='ltr'>to</span> <span class='ocrx_word' id='word_1_108' title='bbox 862 1617 959 1679; x_wconf 79' lang='lat' dir='ltr'>under</span> <span class='ocrx_word' id='word_1_109' title='bbox 986 1616 1033 1680; x_wconf 83' lang='lat' dir='ltr'>tbc</span> <span class='ocrx_word' id='word_1_110' title='bbox 1060 1639 1148 1679; x_wconf 81' lang='lat' dir='ltr'>nome</span> <span class='ocrx_word' id='word_1_111' title='bbox 1175 1616 1540 1701; x_wconf 61' lang='lat' dir='ltr'>‹fffflajambemea‘</span> 
     </span>
     <span class='ocr_line' id='line_1_13' title="bbox 433 1715 1539 1800; baseline -0.008 -17"><span class='ocrx_word' id='word_1_112' title='bbox 433 1720 496 1783; x_wconf 80' lang='lat' dir='ltr'>des</span> <span class='ocrx_word' id='word_1_113' title='bbox 518 1722 632 1793; x_wconf 54' lang='grc' dir='ltr'>ΝΜ</span> <span class='ocrx_word' id='word_1_114' title='bbox 653 1718 716 1781; x_wconf 71' lang='lat' dir='ltr'>ovid</span> <span class='ocrx_word' id='word_1_115' title='bbox 737 1718 765 1779; x_wconf 84' lang='lat' dir='ltr'>is</span> <span class='ocrx_word' id='word_1_116' title='bbox 785 1715 866 1779; x_wconf 75' lang='lat' dir='ltr'>clm</span> <span class='ocrx_word' id='word_1_117' title='bbox 885 1718 973 1779; x_wconf 80' lang='lat' dir='ltr'>nwde</span> <span class='ocrx_word' id='word_1_118' title='bbox 986 1717 1057 1779; x_wconf 77' lang='lat' dir='ltr'>Bon</span> <span class='ocrx_word' id='word_1_119' title='bbox 1070 1716 1195 1779; x_wconf 81' lang='lat' dir='ltr'>Jonson</span> <span class='ocrx_word' id='word_1_120' title='bbox 1211 1740 1274 1800; x_wconf 82' lang='lat' dir='ltr'>say,</span> <span class='ocrx_word' id='word_1_121' title='bbox 1297 1716 1364 1779; x_wconf 79' lang='lat' dir='ltr'>tbot</span> <span class='ocrx_word' id='word_1_122' title='bbox 1378 1718 1437 1781; x_wconf 78' lang='lat' dir='ltr'>the</span> <span class='ocrx_word' id='word_1_123' title='bbox 1452 1730 1539 1780; x_wconf 71' lang='lat' dir='ltr'>trans-</span> 
     </span>
     <span class='ocr_line' id='line_1_14' title="bbox 435 1804 1539 1903; baseline -0.008 -22"><span class='ocrx_word' id='word_1_124' title='bbox 435 1816 545 1884; x_wconf 84' lang='lat' dir='ltr'>lations</span> <span class='ocrx_word' id='word_1_125' title='bbox 567 1816 737 1903; x_wconf 61' lang='lat' dir='ltr'>fflfomer</span> <span class='ocrx_word' id='word_1_126' title='bbox 756 1816 821 1879; x_wconf 84' lang='lat' dir='ltr'>aad</span> <span class='ocrx_word' id='word_1_127' title='bbox 849 1814 949 1900; x_wconf 74' lang='lat' dir='ltr'>Virqil</span> <span class='ocrx_word' id='word_1_128' title='bbox 975 1817 1009 1878; x_wconf 79' lang='lat' dir='ltr'>s&#39;a</span> <span class='ocrx_word' id='word_1_129' title='bbox 1037 1815 1107 1901; x_wconf 68' lang='lat' dir='ltr'>long]</span> <span class='ocrx_word' id='word_1_130' title='bbox 1127 1816 1355 1880; x_wconf 71' lang='lat' dir='ltr'>Alexandrinos</span> <span class='ocrx_word' id='word_1_131' title='bbox 1387 1804 1479 1881; x_wconf 72' lang='lat' dir='ltr'>scere</span> <span class='ocrx_word' id='word_1_132' title='bbox 1502 1819 1539 1878; x_wconf 77' lang='lat' dir='ltr'>lm</span> 
     </span>
     <span class='ocr_line' id='line_1_15' title="bbox 430 1916 1537 2007; baseline -0.006 -23"><span class='ocrx_word' id='word_1_133' title='bbox 430 1940 531 2007; x_wconf 78' lang='lat' dir='ltr'>proso.</span> <span class='ocrx_word' id='word_1_134' title='bbox 573 1918 603 1981; x_wconf 87' lang='grc' dir='ltr'><em>Τ</em></span> <span class='ocrx_word' id='word_1_135' title='bbox 601 1917 636 1981; x_wconf 72' lang='lat' dir='ltr'>lie</span> <span class='ocrx_word' id='word_1_136' title='bbox 652 1918 796 2004; x_wconf 74' lang='lat' dir='ltr'>practice,</span> <span class='ocrx_word' id='word_1_137' title='bbox 820 1917 1067 1993; x_wconf 63' lang='lat' dir='ltr'>locusmalim</span> <span class='ocrx_word' id='word_1_138' title='bbox 1088 1928 1140 1979; x_wconf 84' lang='lat' dir='ltr'>aot</span> <span class='ocrx_word' id='word_1_139' title='bbox 1160 1916 1377 2002; x_wconf 73' lang='lat' dir='ltr'>injudicioaslts</span> <span class='ocrx_word' id='word_1_140' title='bbox 1401 1920 1537 1980; x_wconf 71' lang='lat' dir='ltr'>accessio</span> 
     </span>
     <span class='ocr_line' id='line_1_16' title="bbox 440 2017 1537 2105; baseline -0.007 -22"><span class='ocrx_word' id='word_1_141' title='bbox 440 2018 534 2083; x_wconf 82' lang='lat' dir='ltr'>in⁰its</span> <span class='ocrx_word' id='word_1_142' title='bbox 556 2040 617 2095; x_wconf 74' lang='lat' dir='ltr'>acce,</span> <span class='ocrx_word' id='word_1_143' title='bbox 640 2020 722 2105; x_wconf 72' lang='lat' dir='ltr'>yioes</span> <span class='ocrx_word' id='word_1_144' title='bbox 735 2018 877 2105; x_wconf 77' lang='lat' dir='ltr'>freedom</span> <span class='ocrx_word' id='word_1_145' title='bbox 898 2020 961 2081; x_wconf 82' lang='lat' dir='ltr'>ond</span> <span class='ocrx_word' id='word_1_146' title='bbox 974 2018 1064 2105; x_wconf 69' lang='lat' dir='ltr'>spicit</span> <span class='ocrx_word' id='word_1_147' title='bbox 1078 2029 1106 2081; x_wconf 86' lang='lat' dir='ltr'>to</span> <span class='ocrx_word' id='word_1_148' title='bbox 1122 2018 1192 2102; x_wconf 61' lang='lat' dir='ltr'>long}</span> <span class='ocrx_word' id='word_1_149' title='bbox 1213 2018 1450 2102; x_wconf 68' lang='lat' dir='ltr'><em>compositione,</em></span> <span class='ocrx_word' id='word_1_150' title='bbox 1469 2017 1537 2079; x_wconf 72' lang='lat' dir='ltr'>alil</span> 
     </span>
     <span class='ocr_line' id='line_1_17' title="bbox 434 2117 1538 2207; baseline -0.005 -26"><span class='ocrx_word' id='word_1_151' title='bbox 434 2118 482 2183; x_wconf 73' lang='lat' dir='ltr'>tlte</span> <span class='ocrx_word' id='word_1_152' title='bbox 503 2120 586 2183; x_wconf 69' lang='lat' dir='ltr'>street</span> <span class='ocrx_word' id='word_1_153' title='bbox 605 2118 782 2184; x_wconf 79' lang='lat' dir='ltr'>obserconcc</span> <span class='ocrx_word' id='word_1_154' title='bbox 803 2118 841 2205; x_wconf 81' lang='lat' dir='ltr'>of</span> <span class='ocrx_word' id='word_1_155' title='bbox 856 2120 1007 2207; x_wconf 67' lang='lat' dir='ltr'>corfiniay</span> <span class='ocrx_word' id='word_1_156' title='bbox 1026 2118 1073 2182; x_wconf 70' lang='lat' dir='ltr'>tlte</span> <span class='ocrx_word' id='word_1_157' title='bbox 1094 2140 1177 2183; x_wconf 78' lang='lat' dir='ltr'>sense</span> <span class='ocrx_word' id='word_1_158' title='bbox 1191 2130 1219 2180; x_wconf 89' lang='lat' dir='ltr'>to</span> <span class='ocrx_word' id='word_1_159' title='bbox 1233 2118 1395 2180; x_wconf 72' lang='lat' dir='ltr'>tammam</span> <span class='ocrx_word' id='word_1_160' title='bbox 1413 2118 1492 2180; x_wconf 67' lang='lat' dir='ltr'>willa</span> <span class='ocrx_word' id='word_1_161' title='bbox 1504 2117 1538 2177; x_wconf 77' lang='lat' dir='ltr'>a·</span> 
     </span>
     <span class='ocr_line' id='line_1_18' title="bbox 437 2216 1534 2307; baseline -0.002 -28"><span class='ocrx_word' id='word_1_162' title='bbox 437 2216 554 2305; x_wconf 76' lang='lat' dir='ltr'>coscplct</span> <span class='ocrx_word' id='word_1_163' title='bbox 578 2220 661 2303; x_wconf 66' lang='lat' dir='ltr'>ciues</span> <span class='ocrx_word' id='word_1_164' title='bbox 687 2244 707 2284; x_wconf 89' lang='lat' dir='ltr'><em>o</em></span> <span class='ocrx_word' id='word_1_165' title='bbox 733 2222 795 2307; x_wconf 63' lang='lat' dir='ltr'>alifi</span> <span class='ocrx_word' id='word_1_166' title='bbox 823 2221 887 2283; x_wconf 79' lang='lat' dir='ltr'>aad</span> <span class='ocrx_word' id='word_1_167' title='bbox 906 2218 1024 2303; x_wconf 64' lang='lat' dir='ltr'>formal</span> <span class='ocrx_word' id='word_1_168' title='bbox 1045 2220 1105 2293; x_wconf 77' lang='lat' dir='ltr'>air,</span> <span class='ocrx_word' id='word_1_169' title='bbox 1138 2220 1203 2281; x_wconf 84' lang='lat' dir='ltr'>aad</span> <span class='ocrx_word' id='word_1_170' title='bbox 1231 2216 1333 2281; x_wconf 79' lang='lat' dir='ltr'>maltos</span> <span class='ocrx_word' id='word_1_171' title='bbox 1361 2238 1425 2279; x_wconf 83' lang='lat' dir='ltr'>one</span> <span class='ocrx_word' id='word_1_172' title='bbox 1448 2217 1534 2279; x_wconf 78' lang='lat' dir='ltr'>rotha</span> 
     </span>
     <span class='ocr_line' id='line_1_19' title="bbox 438 2316 1454 2404; baseline -0.002 -25"><span class='ocrx_word' id='word_1_173' title='bbox 438 2336 515 2381; x_wconf 80' lang='lat' dir='ltr'>seem</span> <span class='ocrx_word' id='word_1_174' title='bbox 537 2326 565 2379; x_wconf 88' lang='lat' dir='ltr'>to</span> <span class='ocrx_word' id='word_1_175' title='bbox 588 2316 622 2381; x_wconf 85' lang='lat' dir='ltr'>be</span> <span class='ocrx_word' id='word_1_176' title='bbox 642 2320 770 2403; x_wconf 63' lang='lat' dir='ltr'>reading!</span> <span class='ocrx_word' id='word_1_177' title='bbox 794 2342 813 2381; x_wconf 89' lang='lat' dir='ltr'>a</span> <span class='ocrx_word' id='word_1_178' title='bbox 835 2320 932 2403; x_wconf 61' lang='lat' dir='ltr'>striae</span> <span class='ocrx_word' id='word_1_179' title='bbox 951 2318 989 2402; x_wconf 86' lang='lat' dir='ltr'>of</span> <span class='ocrx_word' id='word_1_180' title='bbox 1003 2319 1166 2404; x_wconf 64' lang='lat' dir='ltr'>epicroca,</span> <span class='ocrx_word' id='word_1_181' title='bbox 1189 2317 1261 2379; x_wconf 83' lang='lat' dir='ltr'>tlon</span> <span class='ocrx_word' id='word_1_182' title='bbox 1282 2338 1302 2378; x_wconf 85' lang='grc' dir='ltr'><em>α</em></span> <span class='ocrx_word' id='word_1_183' title='bbox 1317 2320 1454 2401; x_wconf 81' lang='lat' dir='ltr'>pocm.“</span> 
     </span>
    </p>

    <p class='ocr_par' dir='ltr' id='par_1_4' title="bbox 434 2412 1538 3597">
     <span class='ocr_line' id='line_1_20' title="bbox 520 2412 1537 2501; baseline -0.008 -20"><span class='ocrx_word' id='word_1_184' title='bbox 520 2418 623 2499; x_wconf 74' lang='lat' dir='ltr'>loolus</span> <span class='ocrx_word' id='word_1_185' title='bbox 645 2418 824 2483; x_wconf 79' lang='lat' dir='ltr'>versionem</span> <span class='ocrx_word' id='word_1_186' title='bbox 848 2440 939 2481; x_wconf 87' lang='lat' dir='ltr'>suam</span> <span class='ocrx_word' id='word_1_187' title='bbox 966 2416 1145 2501; x_wconf 79' lang='lat' dir='ltr'><em>composuit</em></span> <span class='ocrx_word' id='word_1_188' title='bbox 1165 2438 1205 2479; x_wconf 86' lang='lat' dir='ltr'>ex</span> <span class='ocrx_word' id='word_1_189' title='bbox 1224 2413 1374 2479; x_wconf 77' lang='lat' dir='ltr'>versibus</span> <span class='ocrx_word' id='word_1_190' title='bbox 1394 2412 1537 2476; x_wconf 74' lang='lat' dir='ltr'>iambicis</span> 
     </span>
     <span class='ocr_line' id='line_1_21' title="bbox 436 2514 1537 2603; baseline -0.004 -25"><span class='ocrx_word' id='word_1_191' title='bbox 436 2514 577 2600; x_wconf 86' lang='lat' dir='ltr'>quinquo</span> <span class='ocrx_word' id='word_1_192' title='bbox 599 2539 637 2581; x_wconf 85' lang='lat' dir='ltr'>ex</span> <span class='ocrx_word' id='word_1_193' title='bbox 660 2514 795 2603; x_wconf 90' lang='lat' dir='ltr'>pedibus</span> <span class='ocrx_word' id='word_1_194' title='bbox 818 2515 1047 2593; x_wconf 78' lang='lat' dir='ltr'>constantibus,</span> <span class='ocrx_word' id='word_1_195' title='bbox 1070 2538 1188 2599; x_wconf 90' lang='lat' dir='ltr'>eosque</span> <span class='ocrx_word' id='word_1_196' title='bbox 1209 2515 1278 2600; x_wconf 85' lang='lat' dir='ltr'>lege</span> <span class='ocrx_word' id='word_1_197' title='bbox 1292 2514 1346 2578; x_wconf 89' lang='lat' dir='ltr'>illa</span> <span class='ocrx_word' id='word_1_198' title='bbox 1361 2536 1465 2597; x_wconf 82' lang='lat' dir='ltr'>quam</span> <span class='ocrx_word' id='word_1_199' title='bbox 1488 2536 1537 2576; x_wconf 74' lang='lat' dir='ltr'>nos</span> 
     </span>
     <span class='ocr_line' id='line_1_22' title="bbox 435 2615 1536 2701; baseline -0.005 -21"><span class='ocrx_word' id='word_1_200' title='bbox 435 2616 567 2692; x_wconf 63' lang='lat' dir='ltr'>„Ileimtl</span> <span class='ocrx_word' id='word_1_201' title='bbox 589 2616 725 2683; x_wconf 79' lang='lat' dir='ltr'>dicimus</span> <span class='ocrx_word' id='word_1_202' title='bbox 748 2617 902 2683; x_wconf 79' lang='lat' dir='ltr'>astrinxit.</span> <span class='ocrx_word' id='word_1_203' title='bbox 948 2615 1046 2699; x_wconf 83' lang='lat' dir='ltr'>Quod</span> <span class='ocrx_word' id='word_1_204' title='bbox 1059 2616 1123 2680; x_wconf 88' lang='lat' dir='ltr'>iam</span> <span class='ocrx_word' id='word_1_205' title='bbox 1139 2636 1236 2701; x_wconf 84' lang='lat' dir='ltr'>supra</span> <span class='ocrx_word' id='word_1_206' title='bbox 1255 2626 1536 2686; x_wconf 83' lang='lat' dir='ltr'>commemoratum</span> 
     </span>
     <span class='ocr_line' id='line_1_23' title="bbox 435 2714 1536 2804; baseline -0.002 -28"><span class='ocrx_word' id='word_1_207' title='bbox 435 2725 494 2794; x_wconf 86' lang='lat' dir='ltr'>ast,</span> <span class='ocrx_word' id='word_1_208' title='bbox 516 2714 648 2781; x_wconf 85' lang='lat' dir='ltr'>multam</span> <span class='ocrx_word' id='word_1_209' title='bbox 671 2736 801 2804; x_wconf 88' lang='lat' dir='ltr'>opemm</span> <span class='ocrx_word' id='word_1_210' title='bbox 829 2728 861 2783; x_wconf 87' lang='lat' dir='ltr'>et</span> <span class='ocrx_word' id='word_1_211' title='bbox 886 2738 995 2781; x_wconf 79' lang='lat' dir='ltr'>cunam</span> <span class='ocrx_word' id='word_1_212' title='bbox 1022 2716 1161 2801; x_wconf 85' lang='lat' dir='ltr'>Papium</span> <span class='ocrx_word' id='word_1_213' title='bbox 1186 2716 1220 2779; x_wconf 86' lang='lat' dir='ltr'>in</span> <span class='ocrx_word' id='word_1_214' title='bbox 1248 2716 1385 2779; x_wconf 86' lang='lat' dir='ltr'>formam</span> <span class='ocrx_word' id='word_1_215' title='bbox 1406 2735 1536 2799; x_wconf 79' lang='lat' dir='ltr'>operum</span> 
     </span>
     <span class='ocr_line' id='line_1_24' title="bbox 440 2812 1537 2900; baseline -0.001 -24"><span class='ocrx_word' id='word_1_216' title='bbox 440 2834 571 2879; x_wconf 87' lang='lat' dir='ltr'>suomm</span> <span class='ocrx_word' id='word_1_217' title='bbox 593 2812 797 2900; x_wconf 89' lang='lat' dir='ltr'>impendisse,</span> <span class='ocrx_word' id='word_1_218' title='bbox 820 2816 855 2880; x_wconf 91' lang='lat' dir='ltr'>id</span> <span class='ocrx_word' id='word_1_219' title='bbox 870 2817 964 2880; x_wconf 84' lang='lat' dir='ltr'>ctiam</span> <span class='ocrx_word' id='word_1_220' title='bbox 979 2816 1065 2881; x_wconf 85' lang='lat' dir='ltr'>cadit</span> <span class='ocrx_word' id='word_1_221' title='bbox 1078 2817 1111 2879; x_wconf 91' lang='lat' dir='ltr'>in</span> <span class='ocrx_word' id='word_1_222' title='bbox 1125 2816 1304 2879; x_wconf 81' lang='lat' dir='ltr'>versionem</span> <span class='ocrx_word' id='word_1_223' title='bbox 1318 2813 1537 2878; x_wconf 82' lang='lat' dir='ltr'>Homericam.</span> 
     </span>
     <span class='ocr_line' id='line_1_25' title="bbox 434 2910 1538 3001; baseline 0 -26"><span class='ocrx_word' id='word_1_224' title='bbox 434 2910 467 2975; x_wconf 92' lang='lat' dir='ltr'>in</span> <span class='ocrx_word' id='word_1_225' title='bbox 490 2934 554 2996; x_wconf 82' lang='lat' dir='ltr'>qus</span> <span class='ocrx_word' id='word_1_226' title='bbox 576 2912 692 2999; x_wconf 83' lang='lat' dir='ltr'>singuli</span> <span class='ocrx_word' id='word_1_227' title='bbox 713 2936 826 2979; x_wconf 82' lang='lat' dir='ltr'>versus</span> <span class='ocrx_word' id='word_1_228' title='bbox 848 2937 965 3001; x_wconf 84' lang='lat' dir='ltr'>magno</span> <span class='ocrx_word' id='word_1_229' title='bbox 986 2916 1089 2979; x_wconf 87' lang='lat' dir='ltr'>nitore</span> <span class='ocrx_word' id='word_1_230' title='bbox 1110 2914 1295 2978; x_wconf 86' lang='lat' dir='ltr'>etnume1is</span> <span class='ocrx_word' id='word_1_231' title='bbox 1309 2912 1402 2977; x_wconf 85' lang='lat' dir='ltr'>dulce</span> <span class='ocrx_word' id='word_1_232' title='bbox 1423 2935 1538 2977; x_wconf 86' lang='lat' dir='ltr'>sonan-</span> 
     </span>
     <span class='ocr_line' id='line_1_26' title="bbox 437 3008 1538 3097; baseline -0.002 -22"><span class='ocrx_word' id='word_1_233' title='bbox 437 3008 523 3076; x_wconf 88' lang='lat' dir='ltr'>tibus</span> <span class='ocrx_word' id='word_1_234' title='bbox 554 3010 729 3097; x_wconf 89' lang='lat' dir='ltr'>splendent.</span> <span class='ocrx_word' id='word_1_235' title='bbox 779 3010 846 3078; x_wconf 86' lang='lat' dir='ltr'>Sed</span> <span class='ocrx_word' id='word_1_236' title='bbox 878 3013 1012 3079; x_wconf 75' lang='lat' dir='ltr'>facilitas</span> <span class='ocrx_word' id='word_1_237' title='bbox 1043 3013 1112 3077; x_wconf 90' lang='lat' dir='ltr'>eius</span> <span class='ocrx_word' id='word_1_238' title='bbox 1144 3036 1208 3097; x_wconf 86' lang='lat' dir='ltr'>qua</span> <span class='ocrx_word' id='word_1_239' title='bbox 1239 3012 1357 3077; x_wconf 87' lang='lat' dir='ltr'>similes</span> <span class='ocrx_word' id='word_1_240' title='bbox 1388 3033 1538 3077; x_wconf 81' lang='lat' dir='ltr'>versuum</span> 
     </span>
     <span class='ocr_line' id='line_1_27' title="bbox 436 3110 1538 3200; baseline 0.001 -26"><span class='ocrx_word' id='word_1_241' title='bbox 436 3110 540 3177; x_wconf 87' lang='lat' dir='ltr'>exitus</span> <span class='ocrx_word' id='word_1_242' title='bbox 562 3110 675 3190; x_wconf 86' lang='lat' dir='ltr'>effecit,</span> <span class='ocrx_word' id='word_1_243' title='bbox 696 3110 848 3177; x_wconf 85' lang='lat' dir='ltr'>lectorem</span> <span class='ocrx_word' id='word_1_244' title='bbox 876 3114 1010 3200; x_wconf 85' lang='lat' dir='ltr'>fatigare</span> <span class='ocrx_word' id='word_1_245' title='bbox 1042 3114 1132 3192; x_wconf 87' lang='lat' dir='ltr'>solet,</span> <span class='ocrx_word' id='word_1_246' title='bbox 1166 3114 1253 3197; x_wconf 89' lang='lat' dir='ltr'>quod</span> <span class='ocrx_word' id='word_1_247' title='bbox 1283 3121 1413 3198; x_wconf 86' lang='lat' dir='ltr'>poetam</span> <span class='ocrx_word' id='word_1_248' title='bbox 1433 3113 1538 3199; x_wconf 84' lang='lat' dir='ltr'>ipsun</span> 
     </span>
     <span class='ocr_line' id='line_1_28' title="bbox 436 3209 1538 3299; baseline 0 -25"><span class='ocrx_word' id='word_1_249' title='bbox 436 3232 500 3275; x_wconf 91' lang='lat' dir='ltr'>non</span> <span class='ocrx_word' id='word_1_250' title='bbox 523 3209 644 3297; x_wconf 82' lang='lat' dir='ltr'>fugisse</span> <span class='ocrx_word' id='word_1_251' title='bbox 667 3210 804 3291; x_wconf 85' lang='lat' dir='ltr'>videtur,</span> <span class='ocrx_word' id='word_1_252' title='bbox 827 3235 903 3277; x_wconf 84' lang='lat' dir='ltr'>nam</span> <span class='ocrx_word' id='word_1_253' title='bbox 924 3214 1012 3297; x_wconf 92' lang='lat' dir='ltr'>quod</span> <span class='ocrx_word' id='word_1_254' title='bbox 1039 3213 1224 3299; x_wconf 88' lang='lat' dir='ltr'>saepissime</span> <span class='ocrx_word' id='word_1_255' title='bbox 1237 3213 1365 3277; x_wconf 85' lang='lat' dir='ltr'>tertium</span> <span class='ocrx_word' id='word_1_256' title='bbox 1378 3234 1538 3296; x_wconf 75' lang='lat' dir='ltr'>quemque</span> 
     </span>
     <span class='ocr_line' id='line_1_29' title="bbox 435 3310 1537 3389; baseline -0.003 -14"><span class='ocrx_word' id='word_1_257' title='bbox 435 3332 564 3377; x_wconf 79' lang='lat' dir='ltr'>versum</span> <span class='ocrx_word' id='word_1_258' title='bbox 587 3310 680 3375; x_wconf 87' lang='lat' dir='ltr'>simili</span> <span class='ocrx_word' id='word_1_259' title='bbox 702 3312 789 3378; x_wconf 85' lang='lat' dir='ltr'>exitu</span> <span class='ocrx_word' id='word_1_260' title='bbox 810 3325 1038 3378; x_wconf 80' lang='lat' dir='ltr'>consonantem</span> <span class='ocrx_word' id='word_1_261' title='bbox 1063 3312 1284 3389; x_wconf 79' lang='lat' dir='ltr'>conformavit,</span> <span class='ocrx_word' id='word_1_262' title='bbox 1312 3312 1346 3375; x_wconf 94' lang='lat' dir='ltr'>id</span> <span class='ocrx_word' id='word_1_263' title='bbox 1371 3334 1409 3375; x_wconf 93' lang='lat' dir='ltr'>eo</span> <span class='ocrx_word' id='word_1_264' title='bbox 1431 3314 1537 3377; x_wconf 83' lang='lat' dir='ltr'>animo</span> 
     </span>
     <span class='ocr_line' id='line_1_30' title="bbox 435 3409 1536 3496; baseline -0.001 -21"><span class='ocrx_word' id='word_1_265' title='bbox 435 3432 508 3477; x_wconf 89' lang='lat' dir='ltr'>eum</span> <span class='ocrx_word' id='word_1_266' title='bbox 528 3410 640 3476; x_wconf 89' lang='lat' dir='ltr'>fecisse</span> <span class='ocrx_word' id='word_1_267' title='bbox 661 3424 750 3496; x_wconf 90' lang='lat' dir='ltr'>puto,</span> <span class='ocrx_word' id='word_1_268' title='bbox 778 3422 815 3477; x_wconf 89' lang='lat' dir='ltr'>ut</span> <span class='ocrx_word' id='word_1_269' title='bbox 840 3409 928 3477; x_wconf 82' lang='lat' dir='ltr'>illam</span> <span class='ocrx_word' id='word_1_270' title='bbox 948 3414 1113 3478; x_wconf 84' lang='lat' dir='ltr'>molestam</span> <span class='ocrx_word' id='word_1_271' title='bbox 1135 3412 1371 3483; x_wconf 86' lang='lat' dir='ltr'>similitudinem</span> <span class='ocrx_word' id='word_1_272' title='bbox 1393 3412 1536 3477; x_wconf 82' lang='lat' dir='ltr'>evitaret.</span> 
     </span>
     <span class='ocr_line' id='line_1_31' title="bbox 437 3508 1411 3597; baseline -0.003 -22"><span class='ocrx_word' id='word_1_273' title='bbox 437 3508 649 3597; x_wconf 75' lang='lat' dir='ltr'>Praeceptum</span> <span class='ocrx_word' id='word_1_274' title='bbox 670 3510 839 3588; x_wconf 88' lang='lat' dir='ltr'>Boileauii,</span> <span class='ocrx_word' id='word_1_275' title='bbox 1408 3526 1411 3530; x_wconf 65' lang='grc'><em>“</em></span> 
     </span>
    </p>

    <p class='ocr_par' dir='ltr' id='par_1_5' title="bbox 642 3600 654 3625">
     <span class='ocr_line' id='line_1_32' title="bbox 642 3600 654 3625; baseline 0 0"><span class='ocrx_word' id='word_1_276' title='bbox 642 3600 654 3625; x_wconf 72' lang='lat'>0</span> 
     </span>
    </p>
   </div>
   <div class='ocr_carea' id='block_1_4' title="bbox 604 3677 1378 3832">
    <p class='ocr_par' dir='ltr' id='par_1_6' title="bbox 604 3677 1378 3832">
     <span class='ocr_line' id='line_1_33' title="bbox 604 3677 1378 3749; baseline 0 -19"><span class='ocrx_word' id='word_1_277' title='bbox 604 3680 675 3741; x_wconf 78' lang='lat' dir='ltr'>„Quo</span> <span class='ocrx_word' id='word_1_278' title='bbox 693 3683 799 3746; x_wconf 65' lang='lat' dir='ltr'>tosa&#39;ocrs</span> <span class='ocrx_word' id='word_1_279' title='bbox 817 3679 881 3731; x_wconf 84' lang='lat' dir='ltr'>dans</span> <span class='ocrx_word' id='word_1_280' title='bbox 899 3699 943 3732; x_wconf 80' lang='lat' dir='ltr'>vos</span> <span class='ocrx_word' id='word_1_281' title='bbox 961 3700 1016 3731; x_wconf 83' lang='lat' dir='ltr'>cers</span> <span class='ocrx_word' id='word_1_282' title='bbox 1034 3682 1056 3731; x_wconf 86' lang='lat' dir='ltr'>le</span> <span class='ocrx_word' id='word_1_283' title='bbox 1072 3700 1128 3733; x_wconf 83' lang='lat' dir='ltr'>sens</span> <span class='ocrx_word' id='word_1_284' title='bbox 1144 3693 1250 3749; x_wconf 81' lang='lat' dir='ltr'>coupcat</span> <span class='ocrx_word' id='word_1_285' title='bbox 1267 3677 1378 3732; x_wconf 59' lang='lat' dir='ltr'>lcs&#39;mots</span> 
     </span>
     <span class='ocr_line' id='line_1_34' title="bbox 605 3762 1230 3832; baseline -0.005 -15"><span class='ocrx_word' id='word_1_286' title='bbox 605 3762 731 3829; x_wconf 74' lang='lat' dir='ltr'>Staespemle</span> <span class='ocrx_word' id='word_1_287' title='bbox 750 3764 913 3823; x_wconf 71' lang='lat' dir='ltr'>l&#39;ltmiste&#39;eda</span> <span class='ocrx_word' id='word_1_288' title='bbox 927 3782 954 3814; x_wconf 81' lang='lat' dir='ltr'>ea</span> <span class='ocrx_word' id='word_1_289' title='bbox 973 3783 1075 3831; x_wconf 67' lang='lat' dir='ltr'>vitorque</span> <span class='ocrx_word' id='word_1_290' title='bbox 1091 3766 1115 3817; x_wconf 87' lang='lat' dir='ltr'>le</span> <span class='ocrx_word' id='word_1_291' title='bbox 1132 3773 1230 3832; x_wconf 80' lang='lat' dir='ltr'>repca‚“</span> 
     </span>
    </p>
   </div>
   <div class='ocr_carea' id='block_1_5' title="bbox 436 3912 1534 4302">
    <p class='ocr_par' dir='ltr' id='par_1_7' title="bbox 436 3912 1534 4302">
     <span class='ocr_line' id='line_1_35' title="bbox 437 3912 1534 4003; baseline 0.004 -26"><span class='ocrx_word' id='word_1_292' title='bbox 437 3914 605 4000; x_wconf 85' lang='lat' dir='ltr'>diligenter</span> <span class='ocrx_word' id='word_1_293' title='bbox 627 3926 755 3977; x_wconf 85' lang='lat' dir='ltr'>secutus</span> <span class='ocrx_word' id='word_1_294' title='bbox 776 3912 810 3977; x_wconf 90' lang='lat' dir='ltr'>id</span> <span class='ocrx_word' id='word_1_295' title='bbox 832 3914 898 3978; x_wconf 83' lang='lat' dir='ltr'>fere</span> <span class='ocrx_word' id='word_1_296' title='bbox 919 3914 1011 3978; x_wconf 84' lang='lat' dir='ltr'>anxie</span> <span class='ocrx_word' id='word_1_297' title='bbox 1032 3915 1133 3979; x_wconf 85' lang='lat' dir='ltr'>vitare</span> <span class='ocrx_word' id='word_1_298' title='bbox 1156 3916 1271 3993; x_wconf 85' lang='lat' dir='ltr'>studet,</span> <span class='ocrx_word' id='word_1_299' title='bbox 1286 3915 1374 4000; x_wconf 89' lang='lat' dir='ltr'>quod</span> <span class='ocrx_word' id='word_1_300' title='bbox 1384 3917 1534 4003; x_wconf 63' lang='lat' dir='ltr'>„Eajzsna</span> 
     </span>
     <span class='ocr_line' id='line_1_36' title="bbox 437 4013 1532 4104; baseline 0.003 -25"><span class='ocrx_word' id='word_1_301' title='bbox 437 4016 549 4079; x_wconf 73' lang='lat' dir='ltr'>beroem</span> <span class='ocrx_word' id='word_1_302' title='bbox 570 4014 622 4077; x_wconf 79' lang='lat' dir='ltr'>des</span> <span class='ocrx_word' id='word_1_303' title='bbox 642 4018 730 4077; x_wconf 77' lang='lat' dir='ltr'>cers“</span> <span class='ocrx_word' id='word_1_304' title='bbox 752 4023 879 4077; x_wconf 85' lang='lat' dir='ltr'>vocant.</span> <span class='ocrx_word' id='word_1_305' title='bbox 911 4013 1021 4097; x_wconf 88' lang='lat' dir='ltr'>Atque</span> <span class='ocrx_word' id='word_1_306' title='bbox 1044 4014 1174 4079; x_wconf 90' lang='lat' dir='ltr'>omnino</span> <span class='ocrx_word' id='word_1_307' title='bbox 1194 4036 1259 4079; x_wconf 90' lang='lat' dir='ltr'>uno</span> <span class='ocrx_word' id='word_1_308' title='bbox 1274 4014 1375 4079; x_wconf 83' lang='lat' dir='ltr'>verbo</span> <span class='ocrx_word' id='word_1_309' title='bbox 1389 4016 1428 4079; x_wconf 86' lang='lat' dir='ltr'>de</span> <span class='ocrx_word' id='word_1_310' title='bbox 1440 4016 1532 4104; x_wconf 87' lang='lat' dir='ltr'>Popii</span> 
     </span>
     <span class='ocr_line' id='line_1_37' title="bbox 436 4112 1532 4201; baseline 0.004 -23"><span class='ocrx_word' id='word_1_311' title='bbox 436 4114 583 4179; x_wconf 87' lang='lat' dir='ltr'>versione</span> <span class='ocrx_word' id='word_1_312' title='bbox 597 4112 772 4177; x_wconf 82' lang='lat' dir='ltr'>Homerica</span> <span class='ocrx_word' id='word_1_313' title='bbox 794 4112 844 4176; x_wconf 86' lang='lat' dir='ltr'>sie</span> <span class='ocrx_word' id='word_1_314' title='bbox 862 4112 996 4179; x_wconf 82' lang='lat' dir='ltr'>iudicari</span> <span class='ocrx_word' id='word_1_315' title='bbox 1016 4127 1133 4201; x_wconf 87' lang='lat' dir='ltr'>potest,</span> <span class='ocrx_word' id='word_1_316' title='bbox 1155 4127 1192 4179; x_wconf 89' lang='lat' dir='ltr'>ut</span> <span class='ocrx_word' id='word_1_317' title='bbox 1205 4115 1370 4181; x_wconf 87' lang='lat' dir='ltr'>Homems</span> <span class='ocrx_word' id='word_1_318' title='bbox 1390 4117 1442 4181; x_wconf 91' lang='lat' dir='ltr'>illo</span> <span class='ocrx_word' id='word_1_319' title='bbox 1460 4142 1532 4183; x_wconf 85' lang='lat' dir='ltr'>ves-</span> 
     </span>
     <span class='ocr_line' id='line_1_38' title="bbox 436 4212 1530 4302; baseline 0.007 -25"><span class='ocrx_word' id='word_1_320' title='bbox 436 4215 567 4279; x_wconf 90' lang='lat' dir='ltr'>timento</span> <span class='ocrx_word' id='word_1_321' title='bbox 589 4213 736 4290; x_wconf 88' lang='lat' dir='ltr'>indutus,</span> <span class='ocrx_word' id='word_1_322' title='bbox 768 4234 833 4297; x_wconf 93' lang='lat' dir='ltr'>quo</span> <span class='ocrx_word' id='word_1_323' title='bbox 865 4212 988 4301; x_wconf 91' lang='lat' dir='ltr'>Popius</span> <span class='ocrx_word' id='word_1_324' title='bbox 1009 4240 1083 4281; x_wconf 89' lang='lat' dir='ltr'>eum</span> <span class='ocrx_word' id='word_1_325' title='bbox 1103 4216 1257 4294; x_wconf 82' lang='lat' dir='ltr'>involvit,</span> <span class='ocrx_word' id='word_1_326' title='bbox 1277 4228 1373 4302; x_wconf 90' lang='lat' dir='ltr'>poeta</span> <span class='ocrx_word' id='word_1_327' title='bbox 1391 4217 1530 4285; x_wconf 81' lang='lat' dir='ltr'>videatur</span> 
     </span>
    </p>
   </div>
   <div class='ocr_carea' id='block_1_6' title="bbox 0 0 1634 5317">
    <p class='ocr_par' dir='ltr' id='par_1_8' title="bbox 0 0 1634 5317">
     <span class='ocr_line' id='line_1_39' title="bbox 0 0 1634 5317; baseline 0 0"><span class='ocrx_word' id='word_1_328' title='bbox 0 0 1634 5317; x_wconf 95' lang='lat' dir='ltr'> </span> 
     </span>
    </p>
   </div>
  </div>
 </body>
</html>
